3485 5571
1749 601 2108 666 -360—

798 728 1002 801 sentia
1024 726 1411 801 constitutus
1449 730 1831 801 venerabilis
1871 729 1963 801 vir
2001 731 2397 825 M[anasses]‚
2439 736 2725 804 decanus
2765 732 3025 805 Aurelia·

798 842 1044 927 nensis,
1091 857 1362 932 quatuor
1398 857 1663 935 arpenta
1718 843 2045 916 vinearum
2085 849 2252 937 apud
2306 849 2433 917 Orz
2498 847 2644 930 sita,
2686 846 2750 916 in
2791 850 3027 919 censiva

799 959 1081 1029 Gaufridi
1119 960 1199 1028 de
1239 961 1371 1028 Rua
1395 962 1592 1044 Nova,
1636 957 1885 1043 militis,
1926 982 2052 1050 que
2091 961 2402 1031 habuerat
2440 974 2505 1032 et
2533 973 2780 1032 emerat
2815 964 2894 1032 ab
2924 964 3029 1032 Au-

798 1075 981 1171 berto
1019 1074 1100 1143 de
1161 1070 1472 1155 Fossafis,
1527 1070 1814 1143 vendidit
1851 1085 1917 1144 et
1956 1072 2211 1166 penitus
2259 1074 2323 1144 in
2365 1090 2744 1167 perpetuum
2785 1075 3032 1165 quitavit

798 1185 1269 1257 venerabilibus
1330 1184 1481 1257 viris
1538 1185 1820 1276 capitulo
1889 1186 2326 1260 Aurelianensi
2382 1212 2496 1280 pro
2550 1203 2811 1261 centum
2869 1188 3030 1261 libris

798 1298 1289 1391 parisiensibus,
1336 1301 1415 1370 de
1452 1297 1687 1390 quibus
1717 1322 1790 1371 se
1821 1300 2027 1372 tenuit
2056 1324 2270 1373 coram
2311 1303 2500 1374 nobis
2523 1303 2770 1394 integre
2794 1327 2909 1395 pro
2932 1326 3033 1394 pa-

796 1426 944 1504 gato
970 1411 1033 1482 in
1069 1414 1339 1504 pecunia
1390 1427 1747 1498 numerata,
1790 1414 2177 1486 renuncians
2208 1415 2384 1487 omni
2423 1416 2783 1507 exceptioni
2844 1439 3023 1508 pecu-

797 1526 902 1598 nie
952 1549 1082 1597 non
1123 1539 1478 1610 numerate,
1539 1526 1928 1619 promittens
1991 1528 2262 1600 fideliter
2324 1532 2498 1620 quod
2550 1543 2772 1601 contra
2811 1530 3032 1603 dictam

796 1640 1231 1712 venditionem
1274 1663 1386 1731 per
1446 1663 1516 1713 se
1560 1664 1675 1712 seu
1716 1663 1833 1732 per
1896 1641 2091 1712 alium
2142 1645 2364 1715 venire
2422 1642 2487 1714 in
2528 1657 2855 1735 posterum
2899 1648 3029 1715 nul-

794 1757 1047 1828 latenus
1105 1755 1537 1855 attemptabit‚
1595 1756 1797 1827 immo
1868 1754 2038 1827 dicta
2089 1770 2361 1847 quatuor
2406 1772 2670 1848 arpenta
2717 1758 3032 1829 vinearum

795 1870 965 1942 dicto
996 1869 1276 1961 capitulo
1315 1881 1379 1941 et
1421 1867 1548 1940 illis
1600 1866 1709 1960 qui
1763 1872 1844 1940 ab
1883 1867 2026 1961 ipso
2079 1872 2359 1962 capitulo
2408 1894 2668 1943 causam
2720 1875 3034 1943 habebunt

793 1984 998 2056 dictas
1038 1982 1256 2055 vineas
1320 1981 1694 2075 possidendi
1748 1985 1827 2055 ad
1868 2007 2026 2055 usus
2073 1999 2138 2056 et
2199 1986 2706 2058 consuetudines
2767 1986 3033 2058 Aurelia·

792 2120 1032 2170 nenses
1069 2098 1355 2188 legitime
1395 2096 1707 2189 garantiet
1771 2110 1994 2169 contra
2035 2120 2287 2171 omnes.
2326 2103 2395 2170 ln
2436 2103 2622 2191 cujus
2661 2102 2755 2172 rei
2798 2122 3031 2172 memo-

790 2210 950 2282 riam
990 2224 1056 2283 et
1103 2210 1545 2283 testimonium
1597 2226 1936 2304 presentes
1996 2210 2241 2284 litteras
2292 2212 2500 2305 sigillo
2562 2213 3032 2285 Aurelianensis

792 2324 968 2396 curie
1016 2324 1291 2397 lecimus
1350 2325 1637 2417 sigillari.
1680 2330 1913 2397 Datum
1968 2350 2138 2399 anno
2177 2327 2432 2399 Domini
2488 2326 2834 2400 millesimo
2873 2350 3021 2418 qua-

794 2439 1154 2531 dragesimo
1195 2442 1424 2525 tercio,
1467 2462 1691 2512 mense
1714 2440 1922 2533 junio,

1786 2779 2068 2844 CCLXVI

1709 3058 1933 3120 suillet
1962 3056 2119 3120 1243

791 3303 997 3362 L'abbe
1025 3303 1175 3360 dela
1203 3303 1531 3359 Cour-Dieu
1574 3303 1846 3359 confirmo
1874 3302 1929 3358 la
1952 3309 2116 3359 vente
2151 3319 2224 3359 au
2260 3304 2511 3376 chapitre
2556 3320 2659 3377 par
2699 3302 2753 3359 le
2802 3308 3027 3359 convent

861 3400 932 3456 de
952 3400 1173 3457 l'Olivet
1219 3400 1290 3455 de
1315 3400 1352 3456 9
1386 3401 1586 3455 setiers
1612 3399 1682 3455 de
1700 3397 1953 3455 'frement
1979 3405 2035 3455 et
2060 3400 2097 3456 9
2126 3400 2195 3455 de
2230 3400 2402 3471 seigle
2431 3400 2501 3456 de
2520 3406 2699 3467 rente,
2728 3417 2830 3457 sur
2858 3402 2908 3456 le
2935 3401 3026 3455 mi-

860 3512 1003 3567 nage
1033 3496 1103 3552 de
1130 3498 1476 3567 Beaugency‚
1506 3512 1650 3567 pour
1672 3495 1935 3551 301ivres
1959 3496 2179 3567 parisis.

1253 3645 1465 3718 (Copia.
1498 3643 1647 3703 Bihl.
1678 3644 1987 3713 d'Orleans,
2021 3661 2129 3704 ms.
2159 3645 2286 3717 552,
2322 3644 2487 3716 2390)
2516 3645 2558 3701 ¹.

881 3864 1210 3937 Universis
1237 3875 1575 3953 presentes
1595 3860 1841 3933 litteras
1866 3863 2253 3953 inspecturis
2276 3867 2466 3934 trater
2483 3864 2765 3957 P[etrus]
2785 3919 2802 3947 ,
2827 3866 3028 3935 dictus

790 3981 990 4049 abbas
1016 3975 1201 4047 Curie
1226 3975 1365 4058 Dei,
1410 3978 1682 4046 salutem
1712 3976 1780 4044 in
1810 3976 2113 4045 Domino.
2137 3974 2451 4046 Noveritis
2471 3980 2642 4066 quod
2669 3999 2818 4046 cum
2844 3976 3040 4049 dilec-

791 4090 836 4162 ti
865 4089 973 4161 filii
1011 4103 1074 4161 et
1101 4093 1329 4161 iratres
1370 4088 1572 4160 nostri
1611 4090 1815 4159 abbas
1835 4100 1900 4159 et
1940 4100 2296 4159 conventus
2338 4091 2419 4161 de
2442 4088 2690 4161 Oliveto
2731 4091 3043 4162 vendide-

792 4204 921 4276 rint
984 4206 1052 4274 in
1112 4216 1492 4295 perpetuum
1564 4200 1721 4273 viris
1797 4200 2267 4273 venerabilibus
2330 4205 2575 4274 decano
2623 4216 2686 4274 et
2755 4204 3045 4295 capitulo

794 4323 1027 4390 Sancte
1067 4317 1290 4389 Crucis
1343 4315 1817 4388 Aurelianensis
1859 4338 2087 4388 novem
2120 4318 2434 4388 sextarios
2468 4316 2768 4389 frumenti
2829 4331 2896 4390 et
2935 4338 3044 4389 uo-

862 4629 880 4663 ¹
923 4630 1116 4685 Simon
1140 4629 1212 4685 de
1242 4631 1572 4702 Beangency
1590 4630 1869 4687 confirma
1893 4635 2037 4687 cette
2053 4635 2209 4686 rente
2227 4628 2281 4686 le
2305 4632 2491 4686 meme
2519 4631 2682 4687 mois.
