3485 5571
1522 684 1598 696 -—
1641 647 1880 713 423—

1579 1003 1822 1066 CCCXV

1338 1285 1371 1348 J
1377 1285 1530 1349 eudi
1558 1284 1637 1347 22
1665 1284 1907 1376 ⁴fevrier
1939 1284 2096 1349 1265

575 1521 931 1594 Compromis
960 1520 1037 1576 du
1066 1524 1250 1575 comte
1288 1519 1359 1573 de
1383 1517 1532 1574 Blois
1561 1525 1613 1575 et
1662 1518 1740 1573 du
1770 1518 2043 1588 chapitre‚
2076 1517 2466 1574 relativement
2495 1535 2602 1574 aux
2646 1519 2831 1591 points

643 1618 891 1689 litigieux
921 1617 1017 1688 qui
1044 1617 1123 1672 les
1140 1615 1376 1670 divisent
1401 1632 1411 1670 :
1438 1615 1642 1686 justice
1671 1615 1704 1669 a
1747 1613 2304 1682 Nouan-sur-Loire;
2347 1614 2496 1670 droit
2527 1615 2595 1670 de
2632 1615 2833 1671 tutelle

645 1730 744 1769 sur
771 1715 854 1770 les
881 1714 1042 1769 botes
1074 1713 1140 1767 de
1172 1711 1563 1769 Sainte-Croix
1578 1727 1649 1767 en
1679 1711 1897 1766 Beauce
1922 1727 1937 1784 ;
1966 1711 2126 1767 achat
2158 1711 2225 1767 de
2250 1716 2428 1767 terres
2457 1711 2827 1785 &Villequoffi

644 1810 769 1867 bois
796 1813 834 1867 a
860 1810 1204 1868 Chevrelles.

1034 1958 1212 2029 (Orig.
1243 1975 1290 2014 s,
1320 1957 1515 2030 parch.
1549 1956 1720 2013 Arch.
1756 1956 1832 2012 du
1865 1955 2073 2028 Loiret,
2115 1955 2181 2012 G.
2209 1955 2362 2025 356)

667 2179 983 2251 Omnibus
1038 2190 1371 2269 presentes
1421 2176 1666 2248 litteras
1728 2175 2117 2269 iuspecturis
2155 2181 2482 2251 Johannes
2532 2183 2612 2253 de
2675 2185 2824 2254 Cas-

573 2293 862 2378 temone,
907 2315 1127 2364 comes
1167 2291 1491 2363 Blesensis
1540 2305 1603 2362 et
1652 2290 1953 2363 dominus
1992 2295 2373 2377 Avenarum,
2425 2297 2699 2367 salutem
2756 2297 2820 2367 iu

575 2407 870 2479 Domino.
917 2405 1215 2478 Noverint
1248 2403 1528 2476 universi
1570 2407 1739 2496 quod
1777 2428 1924 2476 cum
1965 2405 2132 2477 inter
2164 2429 2309 2492 nos,
2351 2432 2426 2480 ex
2461 2433 2584 2481 una
2613 2424 2817 2502 parte,

569 2534 637 2593 et
667 2519 1066 2592 venerabiles
1108 2519 1275 2590 viros
1331 2521 1648 2589 decanum
1676 2533 1740 2589 et
1781 2521 2133 2610 capitulum
2175 2521 2696 2609 Aurelianenses‚
2744 2548 2818 2595 ex

569 2636 792 2717 altera,
828 2632 1262 2705 controversia
1319 2645 1670 2704 verteretur
1726 2656 1923 2724 super
1975 2636 2098 2705 hoc
2140 2633 2431 2707 videlicet
2484 2640 2655 2727 quod
2698 2662 2817 2710 nos

569 2748 944 2821 dicebamus
996 2771 1113 2819 uos
1139 2746 1365 2820 essein
1402 2747 1816 2840 possessione
1848 2762 1908 2819 et
1950 2747 2187 2821 saisina
2225 2750 2557 2842 sanguinis
2591 2765 2656 2823 et
2692 2751 2821 2824 vio·

571 2864 766 2937 lentie
807 2864 871 2934 in
917 2862 1061 2934 villa
1104 2866 1183 2934 de
1223 2861 1484 2934 Noemio
1523 2885 1715 2953 super
1762 2862 2061 2954 Ligerim,
2108 2864 2413 2956 predictis
2444 2869 2691 2939 decano
2751 2883 2816 2939 et

568 2979 849 3072 capitulo
877 2982 1000 3050 hoc
1040 2976 1422 3068 negantibus
1462 2976 1922 3049 et'dicentibus
1964 2978 2172 3050 dictos
2198 2981 2514 3051 decanum
2547 2996 2611 3052 et
2645 2982 2819 3074 capi-

572 3096 772 3165 tulum
815 3116 961 3165 esse
1001 3105 1064 3163 et
1103 3114 1258 3162 usos
1298 3090 1497 3163 fuisse
1538 3094 1954 3183 possessione
1992 3106 2055 3163 et
2087 3092 2322 3165 saisina
2367 3093 2650 3185 predicte
2679 3099 2818 3187 jus-

572 3208 720 3281 ticie
760 3205 1095 3299 sanguinis
1134 3219 1198 3277 et
1237 3205 1584 3289 violentie;
1628 3205 1781 3276 item
1838 3220 1903 3277 et
1960 3230 2105 3278 cum
2144 3206 2396 3298 questio
2447 3222 2621 3281 esset
2653 3212 2818 3283 inter

568 3346 688 3395 nos
717 3335 781 3394 et
819 3322 1027 3393 dictos
1066 3323 1382 3393 decanum
1419 3332 1483 3393 et
1517 3322 1870 3411 capitulum
1905 3344 2100 3412 super
2129 3326 2252 3393 boc
2285 3325 2454 3413 quod
2490 3346 2608 3395 nos
2640 3326 2822 3397 dice-

572 3441 801 3510 bamus
829 3451 893 3509 et
930 3438 1140 3508 adhuc
1174 3436 1451 3507 dicimus
1483 3459 1601 3507 nos
1641 3457 1789 3507 esse
1830 3434 1892 3506 in
1959 3436 2373 3528 possessione
2422 3440 2518 3509 vel
2569 3438 2809 3511 saisina

570 3552 847 3624 habendi
889 3564 1362 3622 tensamentum
1397 3554 1413 3587 ¹
1444 3573 1638 3641 super
1693 3548 2059 3641 hospitibus
2111 3550 2548 3624 excolentibus
2579 3567 2813 3626 terram

570 3666 637 3737 in
668 3663 985 3737 territorio
1026 3670 1256 3736 Sancte
1289 3662 1509 3735 Crucis
1550 3663 1615 3735 in
1664 3663 1903 3746 Beleia,
1944 3665 2305 3756 cujusmodi
2336 3680 2813 3740 tensamentum

571 3780 946 3852 dicebamus
984 3803 1104 3851 nos
1154 3781 1387 3850 debere
1417 3782 1624 3851 levare
1672 3792 1739 3849 et
1769 3781 2003 3849 habere
2026 3802 2137 3871 per
2178 3804 2296 3852 nos
2339 3783 2433 3852 vel
2475 3805 2589 3873 per
2627 3807 2808 3855 man·

570 3898 788 3966 datum
853 3907 1170 3979 nostrum,
1237 3893 1492 3964 licentia
1561 3892 1711 3964 dicti
1766 3892 2025 3983 capituli
2094 3917 2288 3986 super
2353 3898 2478 3968 boc
2549 3897 2813 3970 minime

567 4007 897 4099 requisita.
928 4006 1119 4079 dictis
1146 4009 1390 4081 decano
1419 4020 1485 4078 et
1508 4009 1790 4098 capitulo
1814 4009 2178 4080 dicentibus
2208 4013 2378 4100 quod
2406 4010 2649 4082 dictum
2673 4026 2814 4084 ten-

570 4134 934 4195 samentum
975 4125 1183 4193 levare
1237 4144 1364 4193 non
1399 4136 1766 4213 poteramus
1807 4144 1927 4194 nec
1968 4125 2364 4196 debebamus
2424 4127 2567 4197 sine
2630 4150 2811 4198 man-

571 4240 720 4308 dato
755 4235 905 4308 dicti
946 4235 1234 4327 capituli,
1275 4250 1337 4306 et
1368 4260 1562 4327 super
1595 4239 1788 4308 modo
1829 4237 2167 4309 levationis
2228 4239 2383 4310 dicti
2425 4243 2811 4312 tensamenti

569 4366 745 4423 esset
785 4352 1078 4441 inquesta
1134 4353 1292 4421 facta
1327 4354 1404 4422 de
1439 4353 1738 4422 mandato
1781 4350 2022 4422 domini
2087 4354 2283 4444 regis.
2336 4357 2491 4424 Item
2546 4369 2610 4426 et
2662 4379 2808 4426 cum

635 4693 654 4728 ¹
701 4691 1148 4749 Gemamentum
1174 4692 1282 4761 (ch.
1318 4691 1567 4747 CCCXVI
1596 4698 1652 4748 et
1681 4692 2002 4765 CCCXVII).
