3485 5571
1612 655 1621 664 ’
1669 696 1745 706 -
1791 657 1907 725 170
1949 697 2028 706 —

724 787 1177 881 possidendam
1217 792 1624 871 donavimus,
1666 804 1731 860 et
1756 805 1868 880 per
1908 791 2226 879 predictas
2256 788 2474 860 domni
2519 805 2679 880 pape
2721 787 2964 859 litteras

722 907 1068 995 capitulum
1103 901 1628 997 [in]v‘estivimns.
1670 903 1798 974 Nos
1859 903 2029 973 enim
2065 926 2206 973 eam
2295 901 2527 974 domui.
2562 923 2754 993 quam
2812 905 2976 994 apud

722 1018 1084 1089 Gervasiam
1157 1023 1482 1088 lohannes
1546 1020 1712 1088 bone
1768 1019 2078 1088 memorie
2119 1021 2352 1088 Sancte
2406 1015 2629 1087 Crucis
2680 1019 2964 1087 decanus

723 1132 1066 1214 edificavit,
1126 1154 1240 1222 pro
1302 1133 1487 1221 cujus
1551 1130 1952 1202 edificatione
2007 1145 2073 1201 et
2122 1129 2382 1220 justicie
2470 1130 2963 1201 conservatione

722 1245 1101 1336 sanguinem
1178 1247 1317 1335 ejus
1376 1243 1438 1314 in
1506 1243 1690 1314 terris
1756 1246 2030 1314 effusum
2094 1243 2446 1325 credimu3‚
2511 1242 2754 1333 totique
2800 1257 2972 1314 terre

722 1383 917 1450 quam
978 1358 1325 1450 capitulum
1406 1357 1560 1427 inibi
1632 1357 1965 1449 possidere
2035 1356 2417 1441 dinoscitur,
2492 1357 2827 1448 perutilem
2902 1372 2964 1428 et

722 1472 993 1544 maxime
1042 1471 1475 1542 necessariam
1537 1465 1971 1554 attendentes,
2014 1495 2126 1563 pro
2172 1471 2456 1542 remedio
2495 1470 2706 1541 anime
2747 1487 2968 1542 nostre

721 1601 785 1658 et
828 1585 1136 1676 Stephani
1190 1588 1269 1655 de
1328 1587 1652 1664 Gallanda,
1705 1598 1771 1656 et
1828 1583 2128 1676 pretaxati
2201 1584 2511 1655 iohannis
2570 1587 2825 1668 decani,
2893 1587 2972 1655 ad

721 1723 948 1791 preces
978 1700 1414 1771 universitatis
1440 1697 1699 1789 capituli
1724 1697 2077 1769 carissimis
2101 1697 2447 1789 nepotibus
2472 1700 2710 1769 nostris
2732 1703 2958 1790 Hugon

721 1819 954 1886 Sancte
996 1815 1224 1884 Crucis
1265 1816 1537 1895 decan0‚
1579 1827 1643 1883 et
1671 1817 1955 1883 Manasse
1985 1813 2272 1903 ejusdem
2305 1811 2581 1884 ecclesie
2622 1811 2971 1906 capiceri0‚

718 1930 824 2020 qui
873 1933 1178 2020 prefatam
1215 1940 1445 1999 terram
1478 1931 1557 1999 de
1600 1929 1894 1998 Gervasia
1954 1930 2073 1997 sub
2113 1943 2323 1997 annua
2367 1923 2677 2019 pensione
2736 1928 2797 1997 in
2842 1921 2969 2000 vita

723 2045 837 2112 sua
877 2040 1322 2134 possidebant,
1366 2037 1523 2132 ipsis
1585 2039 1888 2129 quamdiu
1952 2036 2217 2111 vixerint
2256 2041 2353 2111 vel
2407 2039 2588 2112 alteri
2647 2064 2864 2112 eorum
2910 2040 2965 2110 si

717 2158 878 2225 alter
964 2154 1317 2226 decesserit
1382 2153 1739 2225 habendam
1828 2152 2274 2225 concessimus
2326 2153 2409 2224 ita
2470 2151 2636 2245 quod
2698 2150 2972 2244 singulis

721 2269 934 2350 annis,
983 2286 1125 2360 post
1166 2268 1411 2339 obitum
1449 2265 1977 2359 archipresbiteri
2017 2268 2122 2358 qui
2165 2292 2305 2338 eam
2339 2282 2542 2350 tenet,
2585 2273 2684 2338 XX
2725 2269 2971 2338 solidos

721 2382 1197 2453 Aurelianensis
1257 2398 1513 2452 monete
1592 2382 1871 2471 capitulo
1946 2382 2006 2450 in
2087 2381 2524 2452 anniversario
2588 2384 2690 2452 die
2749 2382 2972 2452 matris

720 2519 835 2567 sne
865 2510 929 2566 et
964 2508 1092 2565 tres
1122 2490 1313 2564 libras
1344 2517 1490 2566 cere
1526 2492 1587 2563 in
1633 2498 1796 2565 sesto
1826 2510 2046 2564 sancte
2077 2497 2299 2564 Crucis
2330 2495 2393 2564 in
2422 2494 2586 2564 maio
2616 2494 2800 2565 nobis
2825 2500 2936 2564 red
2962 2537 2974 2547 ·

719 2603 896 2679 daut.
935 2607 1287 2679 Statuimus
1305 2623 1368 2679 et
1410 2624 1474 2677 ut
1498 2605 1654 2699 ipsis
1682 2610 2146 2678 decedentibus
2184 2623 2597 2678 memoratam
2625 2608 2968 2680 ecelesiam

720 2746 845 2793 non
890 2711 1074 2794 liceat
1109 2723 1301 2795 alicui
1338 2721 1668 2815 possidere
1710 2722 1830 2794 nisi
1875 2719 1970 2794 eis
2017 2735 2261 2793 tantum
2313 2720 2418 2812 qui
2482 2717 2741 2794 domum
2808 2726 2972 2793 Ger-

722 2834 890 2908 vasie
931 2861 963 2907 a
997 2838 1275 2929 capitulo
1318 2842 1653 2922 tenebunt,
1687 2853 1752 2909 et
1791 2838 1911 2929 ipsi
1957 2841 2051 2906 vel
2089 2840 2596 2927 prenominatam
2643 2835 2735 2907 vel
2776 2836 2967 2906 aliam

719 2975 832 3042 pro
867 2955 1188 3022 voluntate
1230 2950 1489 3042 capituli
1519 2950 1892 3041 pensionem
1936 2954 2014 3039 de
2054 2952 2330 3022 ecclesia
2390 2949 2714 3021 annuatim
2793 2944 2971 3040 capi-

719 3068 852 3135 tulo
890 3069 1275 3157 persolvent.
1323 3069 1507 3151 Quod
1552 3090 1631 3135 ne
1674 3056 1877 3135 valeat
1917 3063 2326 3135 dissensione
2367 3063 2629 3149 turbari,
2662 3067 2758 3134 vel
2798 3064 2962 3148 obli-

720 3181 903 3249 vione
946 3182 1167 3263 deleri,
1214 3178 1403 3269 sigilli
1450 3178 1647 3249 nostri
1688 3178 2045 3249 munimine
2105 3180 2519 3261 firmavimuS,
2554 3201 2781 3248 omnes
2824 3176 2972 3248 illos

717 3295 1190 3364 anathemathis
1232 3293 1482 3364 vinculo
1513 3290 1898 3363 innodantes
1928 3288 2033 3383 qui
2070 3290 2215 3364 huic-
2258 3308 2474 3363 nostre
2515 3286 2840 3362 donationi
2869 3288 2972 3362 vel

717 3406 1167 3480 constitutioni
1205 3432 1362 3478 ausu
1408 3404 1747 3479 temerario
1789 3407 2104 3477 contraire
2140 3408 2670 3496 presumpserint.
2738 3414 2967 3476 Actum

718 3523 971 3615 publice
1003 3546 1170 3592 anno
1211 3525 1289 3593 ab
1331 3521 1773 3592 incarnatione
1805 3518 2058 3591 Domini
2102 3526 2179 3590 ΜΟ
2219 3524 2288 3591 C·
2327 3522 2496 3591 Lxx·
2545 3524 2677 3603 vt,
2707 3516 2971 3611 episco-

718 3652 902 3727 patus
944 3660 1089 3707 vero
1134 3634 1332 3705 nostri
1374 3659 1543 3705 anno
1575 3639 1785 3705 XXX·.

724 3834 1641 3843 ——mffl—
1676 3834 2036 3838 *Q

714 3968 819 4033 bus
848 3972 1010 4038 grato
1035 3971 1433 4020 concurrentes
1463 3982 1721 4036 assensu,
1765 3964 2058 4019 ecclesiam
2088 3965 2156 4020 de
2185 3965 2483 4034 Chitteriis,
2511 3983 2682 4037 quam
2708 3966 2776 4021 de
2793 3982 2972 4022 manu

714 4057 853 4111 laica
881 4054 1131 4108 nosceris
1161 4053 1455 4125 eripuisse,
1489 4052 1632 4107 sicut
1657 4070 1783 4107 eam
1809 4052 2212 4108 rationabiliter
2237 4053 2509 4124 possideS‚
2538 4054 2638 4108 tibi
2664 4061 2718 4108 et
2746 4070 2974 4109 succes·

713 4144 934 4200 soribus
986 4143 1098 4197 tuis
1148 4144 1473 4197 auctoritate
1520 4140 1828 4214 apostolica
1885 4143 2302 4209 confirmamus,
2355 4151 2407 4196 et
2455 4144 2728 4213 presentis
2774 4144 2970 4212 scripti

713 4232 1021 4304 patrocinio
1060 4233 1497 4295 communimus,
1549 4238 1862 4287 statuentes
1902 4238 1962 4285 ut
2005 4228 2146 4285 nulli
2191 4233 2419 4285 omnino
2462 4231 2756 4287 hominum
2801 4232 2969 4287 liceat

712 4324 857 4383 hanc
882 4320 1142 4393 paginam
1175 4327 1366 4376 nostre
1394 4320 1838 4375 confirmationis
1877 4320 2203 4390 infringere,
2239 4321 2322 4374 vel
2349 4325 2398 4374 el
2428 4322 2788 4392 aliquatenus
2826 4335 2969 4376 con-

712 4412 898 4468 traire.
931 4412 987 4464 Si
1018 4410 1145 4481 quis
1172 4415 1362 4464 autem
1401 4410 1507 4463 hoc
1555 4414 1886 4481 attemptare
1919 4411 2342 4480 presumpserit,
2377 4410 2819 4480 indignationem
2845 4426 2966 4465 om·

712 4502 1014 4572 nipotentis
1046 4501 1143 4555 Dei
1173 4506 1227 4553 et
1255 4498 1546 4554 beatorum
1581 4500 1730 4554 Petri
1762 4506 1817 4554 et
1860 4499 2020 4554 Pauli
2063 4500 2441 4569 apostolorum
2484 4506 2606 4568 ejus
2649 4515 2709 4554 se
2753 4501 2970 4555 noverit

713 4590 1095 4644 incursurum.
1130 4591 1331 4643 Datum
1360 4587 1714 4657 Ferentini,V
1737 4587 2030 4656 idusjulii.
2058 4608 2081 4636 ι
2127 4617 2183 4627 -
2207 4586 2491 4661 (Archon
2519 4586 2721 4657 Loiret,
2746 4587 2812 4643 G.
2833 4587 2932 4651 32t
2951 4630 2965 4643 .

716 4680 871 4748 Orig.
904 4679 1143 4759 paren).
