3485 5571
1383 626 1736 689 —467-

1408 977 1728 1040 CCCXLlX

1234 1249 1311 1312 16
1350 1248 1703 1313 decembre
1748 1247 1908 1313 1280

420 1480 656 1537 Guiard
706 1480 776 1536 de
805 1479 1204 1551 Guignouville
1251 1479 1393 1534 vend
1435 1495 1509 1536 au
1539 1480 1793 1551 chapitre
1839 1480 1911 1535 13
1940 1485 2166 1551 arpenta
2196 1479 2264 1534 de
2292 1485 2442 1535 terre
2489 1495 2562 1535 au
2585 1481 2689 1536 Val

517 1576 710 1631 Vaslin
754 1590 902 1648 potu·
929 1575 1001 1632 73
1030 1576 1195 1631 livres
1228 1575 1295 1630 10
1322 1591 1456 1631 sous
1485 1574 1683 1647 parisis
1711 1580 1768 1630 et
1794 1589 1907 1629 une
1937 1576 2122 1631 travee
2151 1574 2221 1631 de
2250 1576 2491 1631 Fromenl
2540 1591 2611 1630 en
2641 1577 2692 1631 la

512 1688 725 1744 grauge
754 1672 824 1728 de
853 1673 907 1728 la
931 1672 1096 1728 Fon-et
1119 1671 1514 1728 Sainte-Croix.

908 1817 1085 1888 (Orig.
1117 1834 1164 1873 s.
1197 1816 1385 1889 par-ch.
1415 1817 1584 1872 Arch.
1619 1816 1696 1873 du
1722 1816 1933 1887 Loiret‚
1976 1816 2042 1874 G.
2074 1817 2225 1887 377.)

537 2035 857 2108 Omnibus
909 2048 1243 2128 presentes
1293 2032 1536 2105 litteras
1590 2031 1982 2125 inspecturis
2039 2032 2348 2125 philipus,
2413 2038 2697 2107 decanus

434 2148 933 2222 christianitatis
982 2146 1409 2241 Stampensis,
1452 2150 1724 2220 salutem
1766 2148 1830 2218 in
1876 2147 2178 2220 Domino.
2213 2148 2512 2221 Noverint
2558 2149 2699 2222 uni-

438 2264 617 2338 versi
667 2266 838 2356 quod
877 2287 1092 2336 coram
1131 2262 1319 2335 nobis
1359 2264 1592 2355 injure
1630 2262 1965 2335 constituti
2005 2262 2317 2335 Guiardus
2357 2263 2569 2336 dictus
2622 2267 2702 2337 de

438 2377 916 2470 Gaignunvilla‚
974 2378 1356 2465 domicelus,
1412 2391 1474 2449 et
1535 2377 1906 2463 petronilla,
1965 2380 2108 2471 eius
2169 2401 2351 2461 uxor,
2419 2382 2704 2451 confessi

437 2498 711 2566 luerunt
767 2515 839 2564 se
883 2491 1247 2564 vendidisse
1310 2504 1376 2564 et
1429 2489 1830 2563 vendicionis
1883 2490 2145 2564 nomine
2209 2491 2273 2562 in
2323 2508 2703 2585 perpetuum

441 2603 799 2699 quitavisse
859 2603 1328 2677 venerabilibus
1401 2602 1552 2675 viris
1615 2606 1860 2676 decano
1934 2617 1996 2676 et
2064 2607 2349 2696 capitulo
2432 2605 2710 2678 ecclesie

443 2717 930 2792 Aurelianensis
978 2717 1317 2791 duodecim
1357 2731 1619 2810 arpenta
1671 2730 1844 2790 terre
1890 2717 2180 2798 arabilis,
2226 2719 2561 2811 vulgaliter
2607 2743 2712 2814 ap-

444 2836 687 2928 pellate
738 2836 851 2906 Val
888 2832 1094 2920 Valin‚
1152 2831 1469 2904 moventis
1537 2836 1618 2904 de
1672 2831 1934 2905 censiva
1996 2835 2285 2925 ipsorum
2354 2836 2583 2907 decani
2646 2850 2713 2908 et

445 2947 742 3040 capituli,
795 2946 916 3019 site
957 2971 1033 3018 ex
1082 2930 1207 3019 una
1271 2960 1452 3039 parte
1508 2945 1676 3018 inter
1730 2949 1791 3018 la
1830 2946 2306 3020 Charhonniere
2365 2961 2429 3020 et
2469 2972 2543 3020 ex
2590 2948 2711 3021 alia

446 3075 634 3156 parte
664 3062 832 3133 iuter
868 3075 1101 3134 terram
1132 3062 1358 3133 relicte
1398 3074 1465 3133 et
1492 3059 1839 3134 liberorum
1883 3064 2172 3133 defuncti
2209 3062 2520 3134 lobannis
2559 3063 2709 3136 dicli

450 3174 745 3260 Gontier,
779 3198 894 3268 pro
946 3175 1273 3265 sexaginta
1324 3175 1667 3247 tresdecim
1705 3174 1887 3246 libris
1920 3189 1984 3247 et
2029 3179 2254 3247 decem
2294 3176 2520 3248 solidis
2555 3180 2716 3269 pari-

450 3289 773 3364 siensium
809 3289 946 3361 suis
984 3288 1208 3381 quitis,
1245 3291 1327 3361 de
1356 3288 1591 3380 quibus
1629 3288 1780 3359 dicti
1819 3288 2133 3361 Guiardus
2164 3304 2228 3361 et
2268 3290 2610 3364 Petronilla
2641 3316 2712 3364 se

451 3417 800 3477 tenuerunt
845 3426 1062 3476 coram
1101 3402 1289 3475 uobis
1332 3403 1614 3495 plenarie
1655 3426 1770 3495 pro
1821 3403 2092 3495 pagatis,
2134 3417 2198 3475 et
2241 3428 2355 3497 pro
2393 3429 2519 3478 uua
2570 3430 2714 3499 pos-

452 3535 597 3612 teya
631 3520 712 3591 de
752 3521 1150 3609 frumenteyo
1190 3516 1493 3607 granchie
1532 3517 1817 3608 ipsorum
1871 3520 1951 3588 de
1992 3521 2251 3590 Foresta
2296 3523 2527 3592 Sancte
2559 3524 2713 3592 Cru-

453 3635 583 3717 cis,
627 3630 966 3723 dequibus
996 3628 1344 3702 tresdecim
1378 3629 1662 3721 arpentis
1711 3629 1862 3702 dicti
1903 3632 2219 3704 Guiardus
2261 3649 2326 3705 et
2367 3638 2713 3708 Petrouilla

455 3745 740 3820 confessi
784 3750 1039 3818 suerunt
1068 3768 1286 3818 coram
1326 3744 1514 3817 nobis
1554 3768 1626 3817 se
1647 3745 2066 3818 devestivisse
2096 3747 2160 3817 in
2193 3772 2386 3821 mauu
2425 3750 2712 3843 magistri

458 3860 698 3935 Alberti
752 3864 832 3932 de
879 3866 1197 3943 Aussona,
1260 3860 1554 3932 canonici
1615 3860 2092 3934 Aurelianensis
2153 3879 2217 3935 et
2271 3866 2573 3957 prepositi
2633 3870 2713 3938 de

457 3981 633 4048 Meso
681 3974 959 4046 Giraudi.
1006 3973 1446 4045 Promiserunt
1491 3986 1732 4058 autem,
1774 3985 1944 4046 etc...
1991 3980 2494 4063 Renunciantes‚
2535 3991 2709 4052 etc...

460 4094 531 4162 ln
571 4092 757 4180 cujus
782 4087 873 4160 rei
903 4087 1345 4159 testimonium
1385 4086 1667 4178 sigillum
1703 4103 1992 4160 nostrum
2031 4094 2110 4162 ad
2153 4091 2537 4183 peticionem
2580 4095 2713 4167 dic-

461 4217 674 4275 torum
706 4201 960 4273 Guiardi
1000 4216 1063 4273 et
1097 4200 1438 4273 Petronille
1475 4200 1883 4293 presentibus
1923 4202 2152 4276 litteris
2191 4205 2487 4279 duximus
2516 4232 2714 4301 appo-

461 4320 772 4390 nendum.
812 4319 1040 4387 Datum
1068 4337 1237 4387 anno
1269 4315 1526 4386 Domini
1568 4318 1723 4388 MCC
1761 4320 2188 4409 octogesimo,
2232 4322 2336 4392 die
2375 4325 2526 4395 lune
2563 4338 2713 4398 ante

461 4435 700 4505 festum
739 4430 909 4502 beati
937 4432 1180 4501 Thome
1219 4429 1515 4522 apostoli.
