3485 5571
1783 739 1857 748 ψ.
1901 702 2018 765 470
2068 739 2130 748 -

1843 1007 2082 1071 CCCLll

1723 1280 1759 1340 7
1781 1279 2003 1359 juillet
2039 1278 2195 1341 1282

827 1483 1003 1538 Vento
1028 1499 1102 1538 au
1159 1482 1415 1554 chapitre
1452 1498 1555 1555 par
1597 1481 1682 1537 les
1730 1482 1980 1539 Chenart
2002 1481 2172 1537 d’une
2216 1481 2435 1537 maison
2464 1482 2541 1537 du
2566 1483 2766 1538 cloitre
2795 1484 2864 1539 de
2892 1484 3080 1540 Saint-

1502 1578 1628 1634 Avit
1656 1594 1808 1648 pour
1843 1577 1950 1634 100
1977 1578 2143 1634 livres
2173 1578 2397 1651 parisiS.

1293 1724 1469 1794 (Oi-ig.
1502 1741 1549 1779 s.
1589 1724 1782 1795 parch.
1819 1722 1987 1779 Arch.
2025 1724 2102 1779 du
2131 1723 2336 1794 Loiret,
2366 1725 2433 1781 G.
2465 1723 2621 1793 268.)

916 1915 1240 1988 Universis
1282 1931 1618 2007 presentes
1650 1915 1893 1986 litteras
1925 1915 2318 2007 inspecturis
2346 1915 2640 1989 officialis
2664 1916 3074 1988 Aurelianen-

825 2029 918 2103 sis
957 2032 1111 2101 sede
1185 2044 1447 2101 vacante
1476 2030 1520 2109 ¹,
1551 2032 1824 2101 salutem
1857 2030 1920 2099 in
1958 2028 2261 2101 Domino.
2294 2030 2606 2102 Noveritis
2645 2033 2817 2121 quod
2858 2052 3067 2101 coram

828 2143 1017 2214 nobis
1051 2142 1115 2213 in
1171 2144 1317 2234 jure
1376 2142 1715 2214 constituti
1763 2146 2081 2215 Robertus
2149 2147 2448 2227 Chenart,
2512 2143 2721 2231 miles,
2762 2143 3069 2214 Ysabellis

824 2260 963 2349 ejus
1000 2279 1179 2340 uxor,
1221 2260 1492 2327 Gazotus
1541 2259 1843 2340 Chenart,
1896 2255 2194 2348 armiger,
2219 2270 2286 2329 et
2324 2256 2662 2329 domicella
2698 2262 3059 2349 Margarcta,

825 2369 978 2441 dicti
1022 2369 1236 2440 Gazoti
1276 2392 1454 2455 uxor,
1494 2371 1781 2441 vendunt
1815 2383 1881 2442 ct
1932 2369 2190 2442 nomine
2231 2368 2632 2442 vendicionis
2679 2369 2952 2461 quittant
3002 2383 3067 2442 et

829 2483 1100 2556 liberant
1131 2483 1603 2556 venerabilibus
1642 2483 1794 2556 viris
1821 2486 2068 2556 decano
2097 2498 2163 2556 et
2195 2484 2473 2577 capitulo
2506 2484 3061 2557 Aurelianensibus

826 2601 1168 2689 quamdam
1209 2600 1472 2669 domum
1514 2620 1660 2670 cum
1712 2597 2137 2690 pertinenciis
2172 2602 2462 2690 ejusdem
2504 2603 2735 2671 domus
2773 2622 2959 2691 quam
2997 2622 3061 2671 se

824 2715 1063 2784 habere
1091 2714 1316 2785 dicunt
1353 2711 1541 2784 sitam
1599 2710 1665 2782 in
1704 2715 1985 2784 claustro
2026 2711 2241 2784 Sancti
2287 2714 2449 2784 Aviti
2488 2711 2964 2785 Aurelianensis
3003 2711 3059 2783 in

824 2827 1082 2900 censiva
1120 2825 1396 2898 ecclesie
1459 2828 1676 2898 Sancti
1714 2825 1888 2898 Aviti
1929 2826 2434 2913 Aurelianensis,
2469 2832 2547 2899 ad
2588 2830 3059 2919 quatuordecim

824 2944 1124 3013 denarios
1155 2943 1497 3012 censuales
1532 2955 1596 3012 et
1626 2943 1706 3012 ad
1753 2939 2093 3012 duodecim
2152 2940 2396 3013 solidos
2451 2942 2910 3034 parisiensium
2962 2964 3062 3034 pro

823 3052 1334 3127 relevacionibus
1373 3058 1630 3145 quando
1673 3055 2006 3140 eveniunt,
2069 3058 2315 3148 absque
2364 3054 2490 3127 alio
2557 3059 2799 3128 honere
2836 3070 2903 3128 et
2936 3059 3064 3127 abs·

823 3192 947 3261 que
977 3168 1119 3240 aliis
1177 3168 1568 3239 redehentiis
1625 3182 1693 3241 et
1740 3169 2127 3253 coustumis,
2186 3168 2402 3261 precio
2463 3185 2726 3242 centum
2765 3172 3062 3242 librarum

824 3283 1303 3375 parisiensium,
1345 3285 1425 3354 de
1472 3280 1708 3374 quihus
1769 3304 1987 3354 coram
2040 3281 2230 3355 nohis
2289 3306 2361 3356 se
2411 3297 2636 3356 tenent
2674 3285 2923 3376 integre
2962 3307 3064 3375 pm

825 3399 1097 3490 pagatis,
1125 3395 1580 3468 renunciantes
1603 3418 1718 3488 per
1740 3398 1933 3467 fidem
1969 3419 2152 3468 suam
2191 3398 2564 3489 excepcioni
2588 3421 2715 3470 non
2744 3411 3064 3471 numerate

824 3509 1162 3603 peccunie,
1219 3532 1347 3581 non
1409 3510 1636 3582 tradite
1696 3523 1762 3582 et
1809 3534 1938 3581 non
2002 3524 2284 3603 recepte,
2329 3512 2715 3594 dominium,
2745 3514 2883 3604 jus,
2920 3535 3059 3604 pro-

826 3625 1163 3717 prietatem
1190 3638 1254 3697 et
1287 3623 1773 3716 possessionem
1812 3625 1981 3696 dicte
2023 3627 2255 3696 domus
2294 3624 2358 3696 in
2410 3624 2620 3697 dictos
2656 3629 2973 3698 decanum
3009 3638 3066 3697 et

826 3741 1178 3831 capitulum
1218 3739 1708 3810 Aurelianenses
1749 3740 2034 3811 totaliter
2060 3742 2508 3812 transferendo
2556 3753 2617 3812 et
2667 3739 2733 3809 in
2774 3762 3066 3833 corpora-

828 3856 952 3925 lem
978 3852 1456 3944 possessionem
1483 3851 1921 3925 venerabilem
1945 3856 2150 3923 virum
2174 3852 2550 3945 magistrum
2579 3858 2917 3938 Thomam,
2934 3857 3071 3927 sub-

828 3970 1144 4039 decanum
1184 3966 1737 4051 Aurelianensem,
1768 3968 2031 4039 nomine
2052 3969 2332 4040 ecclesie
2359 3968 2866 4053 Aurelianensis,
2892 3968 3073 4041 indu-

828 4082 1040 4154 cendo
1064 4103 1176 4172 per
1197 4080 1621 4152 tradicionem
1647 4081 2002 4153 litterarum
2047 4081 2479 4169 Constantini,
2504 4084 2825 4174 quondam
2854 4084 3071 4156 decani

830 4194 1044 4267 Sancti
1083 4196 1247 4266 Aviti
1282 4194 1784 4278 Aurelianensis,
1820 4207 1885 4267 et
1922 4195 2184 4289 capituli
2223 4199 2519 4289 ejusdem
2568 4195 2692 4268 loci
2728 4219 2983 4270 necnon
3011 4212 3069 4270 et

830 4307 1181 4380 litterarum
1222 4311 1389 4380 hone
1438 4307 1746 4380 memorie
1785 4311 2138 4394 Manasses,
2180 4313 2504 4402 quondam
2552 4311 2846 4404 episcopi
2885 4314 3070 4384 Aure-

900 4629 920 4665 ¹
960 4629 1118 4685 Donc
1158 4629 1410 4702 l'eveque
1456 4627 1632 4685 Gilles
1679 4629 1846 4685 Paste
1885 4628 1971 4685 fut
2003 4629 2100 4686 elu
2124 4631 2288 4700 apres
2318 4630 2371 4685 le
2401 4629 2436 4685 7
2456 4629 2646 4700 juillet
2676 4628 2837 4697 1282,
2869 4646 2943 4685 ou
2966 4639 3068 4701 peu

832 4724 1197 4789 auparavant.
