3485 5571
1405 633 1486 649 —
1524 600 1645 663 529
1682 635 1764 647 —

465 732 686 801 veritis
722 726 1115 801 audientiam
1175 726 1545 819 pervenisse
1585 731 1758 819 quod
1803 727 2206 821 R[ainaldus]
2277 731 2357 799 de
2407 728 2708 799 craciaco

468 866 688 935 pacem
714 843 739 889 ¹
771 844 940 914 inter
972 841 1183 936 ipsum
1216 856 1281 914 et
1320 842 1590 913 dilectos
1615 841 1779 913 filios
1818 856 2079 913 nostros
2116 840 2466 914 canonicos
2506 844 2708 912 Aure-

462 954 773 1027 lianensis
824 958 1106 1028 ecclesie
1153 958 1410 1040 factam,
1444 968 1507 1026 et
1547 954 1880 1048 privilegio
1920 958 2088 1026 bone
2134 953 2442 1026 memorie
2475 957 2708 1047 prede-

463 1070 747 1140 cessoris
767 1068 882 1152 tui,
925 1077 1118 1141 trater
1144 1068 1652 1161 archiepiscope,
1684 1060 2074 1156 roboratam,
2108 1092 2299 1158 quam
2332 1067 2501 1139 idem
2529 1066 2711 1161 R[ai-

464 1183 719 1276 naldus]
764 1182 1030 1275 prestito
1062 1185 1429 1273 juramento
1469 1196 1689 1253 tenere
1727 1181 2020 1265 firmavit,
2055 1180 2446 1274 presumpsit
2481 1181 2711 1251 infrin-

465 1319 618 1388 gere
647 1312 712 1368 et
737 1300 902 1368 bona
928 1299 1219 1388 ejusdem
1251 1294 1526 1368 ecclesie
1567 1319 1693 1367 non
1726 1310 1979 1367 veretur
2029 1298 2299 1367 auferre.
2362 1295 2522 1382 Quia
2561 1318 2709 1367 vero

464 1412 546 1483 ad
582 1424 874 1482 nostrum
897 1423 1148 1502 spectat
1180 1408 1462 1482 officium
1490 1432 1562 1481 ea
1600 1432 1726 1501 que
1771 1432 2102 1502 perperam
2143 1412 2300 1479 fiunt
2338 1414 2414 1481 ad
2450 1408 2711 1481 rectitu-

466 1524 638 1596 dinis
695 1524 1012 1596 tramitem
1086 1546 1407 1607 revocare.
1470 1523 1845 1595 discretioni
1919 1538 2128 1595 vestre
2190 1546 2304 1615 per
2362 1524 2711 1614 apostolica

468 1634 708 1727 scripta
746 1633 1162 1726 precipiendo
1202 1635 1581 1705 mandamus
1617 1630 1920 1723 quatinus
1949 1632 2310 1724 predictum
2333 1632 2540 1702 virum
2567 1654 2715 1702 mo-

466 1751 679 1820 neatis
715 1764 780 1820 et
819 1747 1110 1820 districte
1139 1747 1539 1839 compellatis
1583 1761 1651 1816 ut
1686 1748 2108 1837 prescriptam
2135 1769 2385 1839 pacem,
2422 1748 2713 1837 sicutju-

469 1862 661 1947 ravit,
702 1876 767 1935 et
806 1863 870 1933 in
914 1861 1251 1955 privilegio
1294 1861 1520 1953 prefati
1564 1859 2033 1952 archiepiscopi
2073 1861 2463 1944 continetur,
2514 1859 2717 1931 invio-

472 1977 748 2049 labiliter
769 1982 1092 2065 observet,
1135 1991 1200 2048 et
1239 1990 1366 2048 tam
1409 1976 1620 2069 ipsum
1660 2000 1853 2067 quam
1895 1976 2057 2047 alios
2113 1999 2278 2067 quos
2326 1974 2493 2047 idem
2526 1997 2718 2046 cano-

474 2095 612 2164 nici
653 2091 835 2164 vobis
872 2090 1363 2175 nominaverint,
1417 2092 1528 2181 qui
1569 2093 1670 2162 eis
1708 2095 1878 2162 bona
1922 2089 2206 2182 predicte
2247 2088 2522 2163 ecclesie
2574 2112 2719 2181 pre-

474 2220 890 2297 sumpserunt
922 2208 1195 2292 aufferre,
1227 2207 1307 2276 ad
1343 2207 1701 2276 ablatorum
1746 2203 2217 2275 restitutionem
2259 2226 2372 2275 seu
2427 2206 2504 2274 ad
2546 2225 2722 2274 com·

475 2326 873 2414 plementum
913 2322 1176 2414 justicie
1218 2323 1642 2412 compellatis.
1688 2322 1876 2407 Quod
1918 2320 1971 2390 si
2008 2335 2403 2392 memoratus
2440 2317 2721 2411 R[ainal-

479 2438 619 2529 dus]
687 2456 912 2528 pacem
982 2435 1189 2528 ipsam
1253 2435 1420 2507 sicut
1473 2433 1707 2527 juravit
1764 2458 1893 2507 non
1945 2435 2245 2516 tenuerit,
2298 2450 2527 2507 ettam
2579 2438 2723 2527 ipse

476 2574 670 2641 quam
713 2550 911 2623 ceteri
942 2575 979 2623 a
1029 2554 1288 2642 prefatis
1326 2548 1658 2621 canonicis
1690 2548 1999 2621 nominati
2027 2553 2209 2622 vobis
2238 2549 2333 2622 eis
2358 2554 2565 2622 ablata
2593 2575 2723 2623 non

477 2664 884 2737 restituerint
909 2688 1028 2737 nec
1060 2663 1320 2757 justicie
1358 2662 1824 2758 plenitudinem
1848 2688 2064 2736 coram
2090 2664 2271 2736 vobis
2296 2666 2722 2751 exhibuerint,

479 2779 660 2872 ipsos
692 2803 892 2872 usque
928 2782 1007 2852 ad
1036 2782 1296 2873 dignam
1341 2778 1848 2852 satisfactionem
1879 2779 2306 2872 appellatione
2337 2783 2567 2853 remoti
2594 2780 2727 2853 vin-

477 2898 626 2967 culo
667 2895 1355 2969 excommunicationis
1390 2893 1784 2987 astringatis.
1815 2895 1877 2966 Si
1900 2910 2111 2967 autem
2137 2909 2230 2980 tu,
2270 2898 2464 2967 frater
2482 2896 2728 2969 archie-

478 3009 769 3103 piscope,
815 3011 916 3082 his
956 3013 1274 3085 interesse
1314 3036 1446 3084 non
1474 3012 1739 3104 poteriS,
1787 3035 1922 3095 vos,
1966 3014 2080 3082 filii
2109 3011 2428 3099 canonici,
2473 3017 2593 3085 hec
2634 3013 2729 3085 ni·

476 3123 869 3196 chilominus
922 3125 1382 3219 exsequamini.
1439 3131 1598 3200 Data
1656 3126 2026 3211 Tusculani,
2081 3130 2242 3198 Xllll
2279 3131 2587 3202 kalendas
2627 3131 2730 3203 de-

477 3240 781 3312 cembriS.

556 4631 576 4668 ¹
616 4636 719 4694 Ch.
748 4637 922 4698 XVII.

666 4762 809 4815 ιιὲιι.
852 4774 982 4814 xxx.
2480 4767 2553 4823 34
