3485 5571
1824 659 2182 721 -444-

882 786 1206 869 Gir-ardus,
1287 793 1497 878 Agnes
1569 799 1634 858 et
1700 790 2020 873 Johanna,
2074 810 2297 859 eorum
2340 809 2592 872 uxores,
2659 786 2722 857 in
2778 801 2912 857 tota
2950 789 3103 857 dicta

874 903 1151 984 decima,
1195 914 1398 972 tractu
1464 914 1528 971 et
1579 900 1988 991 pertinentiis
2031 903 2322 991 ejusdem
2363 901 2615 972 decime
2678 900 2804 971 site
2846 900 2912 970 in
2941 904 3108 971 feodo

873 1015 1114 1088 domini
1154 1015 1442 1107 episcopi
1502 1015 2001 1098 Aurelianensis,
2046 1016 2363 1086 moventis
2413 1014 2604 1086 etiam
2652 1037 2725 1085 ex
2764 1013 3107 1086 hereditate

873 1132 1185 1201 dictarum
1217 1132 1479 1221 Agnetis
1518 1143 1582 1201 et
1620 1133 1935 1215 Iohanne,
1971 1144 2096 1199 tam
2130 1129 2194 1199 in
2222 1131 2435 1209 blado,
2471 1128 2643 1211 vino,
2688 1128 2906 1219 napis,
2938 1129 3110 1211 sabis,

875 1243 1056 1335 pisis,
1086 1267 1276 1335 quam
1302 1243 1365 1313 in
1394 1242 1536 1314 aliis
1564 1246 1760 1315 rebus
1787 1242 2302 1334 quibuscumque
2335 1256 2564 1314 existat
2588 1246 2815 1315 eadem
2851 1241 3112 1325 decima,

879 1359 1303 1431 vendiderunt
1354 1372 1419 1429 et
1471 1359 1949 1449 imperpetuum
1988 1357 2244 1450 penitus
2283 1356 2689 1449 quitaverunt
2726 1357 2890 1428 viris
2945 1380 3120 1429 vene-

878 1472 1190 1544 rabilibus
1219 1475 1464 1544 decano
1505 1485 1568 1543 et
1606 1474 1887 1564 capitulo
1927 1471 2204 1544 ecclesie
2243 1471 2722 1544 Aurelianensis
2753 1496 2875 1563 pro
2909 1474 3120 1544 decem

875 1587 1052 1658 libris
1109 1585 1562 1679 parisiensium
1610 1584 1747 1657 suis
1785 1585 2011 1677 quitiS,
2065 1588 2145 1657 de
2183 1585 2417 1678 quibus
2468 1584 2594 1677 ipsi
2647 1587 3023 1658 venditores
3060 1609 3122 1657 se

874 1715 1216 1773 tenuerunt
1259 1723 1472 1771 coram
1507 1700 1695 1771 nobis
1744 1697 1990 1791 integre
2040 1723 2152 1790 pro
2193 1700 2439 1791 pagatis
2479 1699 2543 1770 in
2584 1701 2860 1791 pecunia
2905 1724 3122 1772 nume-

874 1833 1032 1903 rata,
1085 1816 1443 1909 exceptioni
1526 1832 1695 1886 etc...
1778 1816 2233 1888 Promittentes
2305 1827 2480 1888 etc...
2558 1820 2762 1887 Immo
2821 1816 3124 1909 promise·

874 1948 1020 2003 runt
1043 1944 1218 2005 etc...
1257 1931 1733 2005 Renunciantes
1771 1946 1936 2004 etc...
1971 1936 2040 2003 ln
2070 1934 2256 2024 cujus
2295 1932 2386 2004 rei
2436 1932 2815 2003 memoriam
2852 1947 2918 2004 et
2955 1932 3127 2005 testi·

873 2048 1159 2119 monium
1246 2046 1525 2137 sigillum
1595 2045 2072 2117 Aurelianensis
2155 2046 2331 2117 curie
2417 2048 2828 2137 presentibus
2904 2047 3125 2118 litteris

875 2166 1178 2232 duximus
1217 2164 1694 2252 apponendum.
1740 2164 1970 2231 Datum
2003 2183 2173 2231 anno
2201 2159 2456 2232 Domini
2502 2159 2853 2231 millesimo
2894 2164 3126 2232 ducen-

877 2276 1109 2346 tesimo
1152 2276 1630 2367 septuagesimo
1668 2289 1872 2359 sexto,
1917 2297 2140 2346 mense
2174 2277 2593 2366 septembris,
2645 2276 2752 2344 die
2788 2277 2942 2347 lune
2989 2292 3127 2345 aute

879 2393 1113 2460 festum
1151 2389 1356 2461 sancti
1400 2388 1741 2459 Michaelis.
2631 2393 2908 2459 TuouAS.

1838 2702 2172 2763 CCCXXXI

1662 2956 1741 3019 22
1780 2959 2143 3020 novembre
2197 2957 2353 3021 1276

877 3180 1058 3235 Vento
1085 3197 1157 3236 au
1185 3180 1438 3252 chapitre
1467 3179 1674 3250 parles
1700 3178 1922 3235 enfants
1952 3178 2021 3234 de
2047 3180 2259 3234 Jeanne
2287 3177 2359 3233 de
2388 3178 2652 3248 Boisgaut
2680 3177 2750 3233 de
2776 3177 2960 3251 partie
2988 3178 3054 3233 de
3075 3177 3120 3232 la

1379 3276 1529 3331 dime
1554 3275 1623 3330 de
1652 3276 1918 3347 Donnery
1946 3289 2092 3347 pour
2121 3274 2228 3330 100
2243 3289 2377 3331 sous
2402 3274 2624 3346 parisis.

1345 3421 1525 3491 (Or-ig.
1558 3439 1604 3476 s.
1637 3420 1828 3492 parch.
1859 3420 2029 3477 Arch.
2069 3419 2146 3475 du
2175 3421 2381 3489 Loiret,
2411 3419 2480 3474 G.
2508 3419 2660 3489 324).

974 3635 1307 3710 Universis
1349 3650 1687 3728 presentes
1721 3635 1970 3707 litteras
2008 3635 2425 3727 inspecturis,
2461 3635 2757 3708 officialis
2795 3635 2976 3708 curie
3012 3640 3121 3706 Au-

886 3748 1270 3822 relianensis
1301 3751 1571 3822 salutem
1612 3749 1676 3819 in
1703 3751 2002 3820 Domino.
2042 3753 2271 3821 Notum
2312 3749 2585 3821 facimus
2608 3751 2780 3840 quod
2816 3751 2883 3819 in
2917 3761 3122 3821 nostra

883 3863 1217 3957 presencia
1256 3863 1590 3935 constituti
1628 3867 1957 3935 lohannes
1981 3864 2061 3934 de
2089 3865 2414 3955 Plesseyo,
2448 3863 2861 3947 domicellus,
2901 3860 3122 3934 Ysania

882 3995 945 4051 et
994 3980 1393 4061 Guillelmus,
1438 3981 1687 4064 fratres,
1741 3977 1922 4049 liberi
1972 3981 2264 4049 Johanne
2325 3979 2406 4049 de
2447 3980 2655 4050 Bosco
2704 3977 2932 4061 Gaudi,
2974 3980 3120 4047 duas

884 4108 1097 4186 partes
1147 4103 1418 4175 tractuS‚
1478 4090 1728 4163 scilicet
1788 4093 2005 4163 dictus
2058 4095 2385 4163 lohannes
2438 4105 2502 4162 et
2556 4090 2726 4163 dicta
2776 4091 3008 4163 Ysania
3064 4102 3124 4160 et

885 4207 1259 4278 Guillelmus
1288 4205 1537 4277 tertiam
1571 4220 1817 4297 partem
1852 4204 2055 4297 ipsius
2094 4219 2335 4277 tractus
2364 4228 2556 4296 quem
2597 4229 2670 4277 se
2700 4210 2938 4277 habere
2964 4204 3123 4276 dice-

885 4325 1053 4393 bant·
1076 4320 1137 4390 in
1173 4323 1449 4411 quadam
1500 4334 1677 4410 parte
1716 4319 1965 4391 decime
2003 4320 2085 4390 de
2115 4319 2503 4401 Donesiaco,
2554 4319 2678 4392 site
2717 4321 2880 4390 citra
2920 4321 3123 4410 rippa·

884 4437 1042 4505 riam
1098 4437 1177 4505 de
1215 4436 1575 4505 Donesiaco
1625 4455 1660 4504 a
1711 4448 1888 4524 parte
1943 4434 2217 4505 ecclesie
2258 4432 2676 4525 parrochialis
2719 4434 2922 4525 ipsius
2979 4431 3118 4514 loci,

885 4548 991 4639 qui
1027 4548 1284 4639 quidem
1325 4561 1566 4618 tractus
1616 4560 1880 4617 vocatur
1932 4562 2172 4618 tractus
2212 4547 2427 4619 Sancti
2469 4547 2803 4639 Stephani,
2839 4562 2905 4619 et
2942 4569 3119 4639 quem

886 4678 1154 4735 tractum
1188 4665 1518 4744 tenebant,
1553 4675 1619 4732 ut
1656 4663 1980 4748 dicebant,
2020 4685 2055 4733 a
2085 4664 2364 4754 capitulo
2403 4662 2871 4744 Aurelianensi,
2915 4659 3120 4734 vendi-
