3485 5571
1336 666 1693 731 —285-

1422 1044 1650 1105 cxciv

1172 1320 1268 1402 [11
1303 1272 1468 1403 530]
1496 1322 1660 1384 avril
1690 1320 1843 1384 1221

385 1552 464 1607 Le
485 1552 754 1623 seigneur
781 1550 851 1607 de
878 1551 1200 1608 Courtalain
1227 1550 1459 1622 designo
1488 1550 1808 1607 Guillanme
1832 1550 2061 1607 Gauche
2079 1556 2134 1606 et
2157 1567 2218 1606 sa
2245 1549 2459 1606 familie
2487 1566 2631 1623 pour

495 1649 821 1720 appartcnir
848 1649 880 1703 a
910 1647 1316 1713 Sainte-Croix,
1348 1664 1418 1703 en
1457 1654 1617 1703 vertu
1654 1649 1731 1703 du
1760 1653 1977 1703 contrat
2010 1648 2079 1702 de
2107 1646 2330 1717 janvier
2356 1646 2526 1703 1221.

594 1794 771 1866 (Orig.
802 1811 847 1850 s.
881 1795 1074 1865 parch.
1108 1795 1275 1850 Arch.
1307 1792 1385 1848 du
1415 1792 1621 1863 Loiret‚
1654 1792 1721 1848 G.
1754 1810 1768 1864 ;
1801 1794 2051 1849 mention
2079 1791 2420 1864 Scriptum).

477 2011 613 2099 Ego
647 2007 788 2079 Odo
829 2006 1113 2093 Borrelli,
1144 2006 1444 2079 dominus
1484 2009 1563 2078 de
1611 2009 1758 2077 Cort
1799 2006 2004 2092 Alam,
2047 2020 2269 2078 notum
2302 2007 2466 2078 lacio
2500 2029 2642 2078 om—

385 2119 584 2193 nibus
624 2134 956 2213 presentes
985 2121 1224 2193 litteras
1254 2119 1641 2213 inspecturis
1671 2123 1843 2208 quod
1870 2145 2018 2194 cum
2057 2144 2178 2213 ego
2209 2121 2485 2193 ecclesie
2515 2126 2640 2192 Au-

386 2234 736 2307 relianensi
778 2235 1103 2308 dedissem
1152 2250 1217 2307 et
1253 2219 1729 2307 concessissem
1765 2259 1962 2306 unum
2007 2236 2337 2308 hominem
2370 2237 2451 2307 de
2499 2258 2642 2307 cor-

390 2373 548 2442 pore
581 2362 646 2420 et
698 2371 954 2422 uxorem
1005 2352 1143 2442 ejus
1171 2374 1317 2421 cum
1347 2373 1570 2422 eorum
1601 2349 1747 2420 aliis
1776 2352 1856 2420 de
1889 2348 2171 2433 familiis,
2203 2373 2455 2421 necnon
2487 2373 2636 2421 cum

389 2462 681 2535 teneuris
721 2478 785 2534 et
843 2463 1367 2555 possessionibus
1396 2466 1770 2535 eorumdem
1812 2476 1876 2535 et
1914 2463 2178 2555 insuper
2203 2466 2331 2534 duo
2370 2477 2635 2556 arpenta

391 2590 590 2660 terre,
624 2598 750 2666 que
776 2575 987 2646 omnia
1021 2599 1133 2668 per
1157 2575 1497 2648 consilium
1521 2575 1902 2648 venerabilis
1926 2575 2037 2646 viri
2067 2578 2197 2646 Ade
2231 2579 2462 2655 Breon,
2506 2580 2636 2645 Au-

390 2689 774 2762 relianensis
792 2688 1249 2774 archidiaconi,
1267 2694 1507 2783 pretate
1524 2692 1801 2762 ecclesie
1822 2692 2085 2762 tenebar
2109 2691 2468 2780 assignare,
2489 2712 2639 2780 ego,

390 2809 470 2877 de
495 2827 771 2877 assensu
812 2821 877 2876 et
913 2809 1234 2878 voluntate
1273 2805 1423 2877 dicti
1463 2805 1921 2902 archidiaconi,
1956 2804 2347 2876 Willelmum
2381 2807 2640 2896 Gauche

390 2934 454 2991 et
493 2922 880 3004 Johannam,
924 2942 1183 2991 uxorem
1223 2924 1386 3012 ejus,
1430 2943 1580 2991 cum
1619 2919 1905 3011 ipsorum
1939 2921 2087 2990 filiis
2116 2944 2280 3011 quos
2319 2921 2644 2990 habebant

390 3033 456 3104 in
491 3032 776 3127 presenti
813 3048 878 3106 et
912 3058 1073 3125 quos
1108 3038 1342 3106 babere
1384 3048 1684 3126 poterunt
1724 3036 1790 3104 in
1837 3038 2120 3106 futurum
2152 3048 2389 3106 etcum
2429 3033 2637 3104 omni-

391 3152 516 3220 bus
550 3151 744 3219 rebus
781 3161 908 3218 tam
936 3147 1281 3220 mobilibus
1319 3172 1506 3240 quam
1548 3148 1989 3220 immobilibus
2015 3172 2174 3240 quas
2194 3147 2642 3240 possidebant,

390 3263 839 3357 prenominato
864 3266 1138 3336 ecclesie
1164 3265 1485 3357 assignavi
1514 3291 1533 3352 ;
1562 3288 1687 3357 que
1725 3265 1940 3337 omnia
1980 3269 2060 3337 ad
2095 3268 2387 3337 eamdem
2429 3267 2648 3336 eccle-

392 3381 556 3452 siam
597 3383 787 3472 pleno
819 3383 961 3471 jure
991 3405 1136 3453 cum
1178 3384 1352 3452 omni
1394 3382 1686 3453 districtu
1725 3398 1790 3454 et
1825 3382 2294 3454 consuetudine
2334 3404 2409 3452 ac
2440 3381 2640 3473 justi-

392 3494 519 3576 cia,
547 3496 714 3567 sicut
740 3518 861 3586 ego
891 3498 1116 3567 eadem
1150 3495 1584 3588 possidebam,
1621 3497 1683 3566 in
1718 3510 2095 3588 perpetuum
2120 3498 2554 3588 pertinebunt,
2581 3495 2644 3566 in

392 3610 631 3699 quibus
663 3631 783 3700 ego
831 3612 927 3681 vel
961 3612 1233 3682 heredes
1277 3613 1400 3682 mei
1441 3609 1637 3680 nichil
1673 3610 1836 3700 juris
1879 3610 2233 3702 poterimus
2267 3613 2671 3706 reclamare„

394 3728 605 3809 Quam
648 3723 1058 3795 donationem
1098 3739 1164 3796 et
1190 3724 1607 3795 elemosinam
1648 3723 1997 3815 Margarita,
2045 3747 2200 3795 uxor
2239 3747 2403 3805 mea,
2439 3738 2501 3795 et
2537 3722 2646 3793 tilii

395 3837 625 3922 nostri,
654 3839 795 3908 Odo
838 3836 1129 3910 videlicet
1167 3841 1566 3921 etJobanna,
1609 3841 1971 3921 voluerunt,
2013 3853 2073 3909 et
2107 3840 2246 3930 ipsa
2286 3837 2642 3929 Margarita,

398 3974 555 4023 uxor
590 3973 757 4036 mea,
790 3950 1135 4023 liberaliter
1170 3955 1293 4023 lide
1331 3955 1539 4024 media
1580 3955 1986 4045 approbavit.
2025 3957 2092 4022 In
2134 3955 2318 4045 cujus
2353 3951 2442 4023 rei
2472 3951 2646 4023 testi-

399 4063 687 4137 monium
728 4080 1062 4158 presentes
1091 4067 1332 4138 litteras
1371 4066 1597 4138 conlici
1639 4082 1702 4138 et
1741 4065 1930 4158 sigilli
1975 4065 2098 4139 mei
2141 4066 2257 4138 leci
2287 4063 2642 4137 munimine

397 4183 708 4252 roborari.
733 4184 958 4251 Actum
999 4202 1168 4253 anno
1208 4180 1464 4253 Domini
1501 4186 1550 4252 M
1593 4180 2038 4252 ducentesimo
2064 4180 2370 4253 vicesimo
2412 4179 2642 4272 primo,

399 4317 623 4365 mense
663 4291 872 4386 aprili.
