3485 5571
1766 604 2126 670 -206—

1831 1029 2070 1092 CXXIV

1744 1300 1944 1378 Blois,
1994 1300 2151 1365 1200

812 1559 891 1614 Le
919 1556 1168 1629 chapitre
1196 1555 1453 1622 accorde,
1488 1570 1559 1610 en
1584 1554 1833 1626 &change
1859 1555 1931 1611 de
1973 1572 2036 1611 sa
2076 1555 2461 1612 renonciation
2505 1557 2538 1610 a
2580 1570 2692 1611 une
2735 1554 2986 1627 por-tion
3027 1554 3100 1610 de

884 1651 1095 1724 l'eglise
1159 1649 1230 1706 de
1294 1651 1513 1721 Neung,
1559 1665 1631 1705 au
1677 1648 1824 1706 clerc
1870 1648 2212 1718 Guillaume‚
2258 1650 2349 1704 fils
2379 1649 2448 1705 de
2477 1652 2543 1706 Ρ.
2579 1669 2606 1701 ι
2637 1649 2860 1707 Meselli
2892 1668 2956 1720 ι,
2985 1665 3102 1706 une

884 1745 1120 1818 pension
1149 1744 1220 1800 de
1250 1744 1317 1801 10
1342 1760 1477 1801 sous
1504 1745 1726 1818 parisis,
1750 1745 1979 1818 jusqu’a
2002 1761 2066 1801 ce
2089 1746 2227 1817 qu’il
2256 1745 2335 1802 ait
2361 1745 2572 1802 obtenu
2597 1761 2677 1801 un
2711 1744 3008 1803 benefice.

1122 1889 1303 1963 (Orig.
1332 1891 1501 1947 Arch.
1535 1890 1613 1946 du
1644 1890 1851 1960 Lon-et,
1879 1890 1949 1947 Gr.
1980 1891 2106 1948 353.
2138 1891 2386 1948 Mention
2409 1890 2756 1964 Scriptum).

1727 2103 2167 2148 CYROGRAPumt

897 2304 1294 2398 E[rnaldus],
1372 2300 1488 2375 Dei
1571 2301 1771 2394 gratia
1840 2305 2056 2374 Sancti
2129 2302 2505 2375 Launomari
2586 2301 2955 2385 Blesensis,
3016 2314 3094 2372 et

815 2418 1257 2512 S[eincellus],
1296 2419 1487 2487 Beate
1512 2415 1698 2488 Marie
1728 2415 2061 2488 pontilevii
2082 2419 2380 2502 abbates,
2403 2413 2707 2487 omnibus
2734 2429 3089 2507 presentes

814 2528 1059 2622 litteras
1100 2527 1485 2620 inspecturis
1524 2531 1796 2600 salutem
1836 2532 1903 2600 in
1945 2551 2094 2601 vero
2148 2530 2434 2601 salutari.
2481 2531 2639 2600 Cum
2687 2528 2855 2600 inter
2888 2529 3085 2619 capi-

817 2646 1020 2714 tulum
1062 2646 1294 2714 Sancte
1326 2641 1549 2714 Crucis
1589 2640 2093 2728 Aurelianensis„
2140 2665 2215 2715 ex
2256 2665 2382 2714 una
2410 2656 2619 2735 parte,
2673 2657 2739 2714 et
2789 2641 3082 2737 W[illel-

815 2758 1048 2851 mum],
1093 2754 1405 2830 clericum
1465 2755 1666 2829 filium
1708 2761 1779 2829 P.
1860 2756 2136 2843 MeseUi,
2200 2779 2276 2829 ex
2326 2755 2473 2841 alia,
2553 2780 2749 2850 super
2785 2757 3075 2850 quadam

813 2871 1106 2963 portione
1153 2894 1343 2964 quam
1405 2870 1471 2942 in
1510 2869 1785 2945 ecclesia
1828 2874 1908 2944 de
1946 2871 2126 2944 Naim
2144 2874 2289 2964 Jure
2313 2870 2699 2943 hereditario
2743 2871 3072 2963 exigebat,

812 2986 1190 3058 auctoritate
1253 2983 1604 3077 apostolica
1650 2988 2090 3058 controversia
2150 2997 2506 3058 verteretur
2552 3008 2774 3057 coram
2838 2984 3064 3066 nobis,

817 3113 966 3193 post
991 3098 1226 3171 multas
1252 3098 1644 3191 litigationes
1687 3102 1899 3172 dictus
1935 3100 2376 3193 W[illelmus],
2429 3102 2744 3172 bonorum
2783 3098 3071 3171 virorum

814 3237 973 3286 usus
1027 3212 1327 3299 consilio,
1370 3212 1458 3283 illi
1508 3213 1783 3306 portioni
1823 3212 2296 3286 abrenuntiavit
2333 3227 2399 3286 et
2427 3215 2687 3306 penitus
2723 3213 3063 3306 abjuravit,

812 3344 879 3401 et
910 3342 1087 3420 pater
1115 3331 1255 3420 ejus
1292 3327 1611 3400 similiter.
1656 3327 1913 3400 Dictum
1945 3351 2095 3401 vero
2127 3329 2501 3421 capitulum,
2531 3326 2767 3399 intuitu
2805 3326 3065 3420 pietatis

811 3456 878 3514 et
907 3440 1422 3514 consideratione
1459 3442 1850 3534 paupertatis
1883 3465 2028 3529 sue,
2069 3445 2295 3514 decem
2326 3441 2572 3513 solidos
2611 3438 3065 3534 parisiensium

810 3554 1141 3627 annuatim
1169 3554 1619 3648 percipiendos
1639 3554 1707 3627 in
1730 3560 1893 3629 testo
1933 3556 2150 3628 Sancti
2178 3560 2422 3628 Thome
2450 3555 2721 3648 apostoli
2751 3552 3065 3647 jamdicto

810 3670 1049 3743 clerieo
1078 3684 1570 3757 concesserunt,
1613 3693 1954 3763 quousque
1989 3694 2103 3764 per
2139 3670 2353 3765 ipsum
2379 3669 2618 3763 aliquid
2657 3667 3062 3741 ecclesiasti-

811 3808 962 3857 cum
988 3783 1374 3856 beneficium
1404 3784 1597 3856 suerit
1619 3800 2020 3871 assecutum,
2058 3789 2228 3858 unde
2266 3788 2467 3857 valeat
2487 3806 2772 3876 congrue
2802 3797 3062 3854 susten-

811 3900 954 3971 tari.
993 3900 1179 3985 Quod
1235 3913 1307 3969 ut
1341 3911 1550 3969 ratum
1594 3915 1968 3991 permaneat
2019 3913 2355 3993 presentes
2406 3900 2651 3970 litteras
2699 3898 3058 3990 sigillorum

812 4025 1181 4084 nostrorum
1214 4010 1572 4083 munimine
1610 4013 1910 4086 duximus
1949 4012 2258 4086 roborari.
2320 4016 2544 4084 Actum
2585 4010 2816 4097 Blesis,
2890 4027 3058 4082 anno

811 4124 1014 4219 gratie
1051 4130 1104 4198 M
1155 4123 1622 4197 ducentesimo.
2607 4144 2610 4145 ’
