3485 5571
1643 546 1994 613 ...108-

704 669 875 748 hone
903 673 1213 748 memorie
1242 674 1626 761 Ludovicus,
1669 676 1736 748 in
1774 689 1943 748 terra
1996 681 2228 750 Sancte
2267 674 2512 763 Crucis,
2554 701 2682 768 que
2731 693 2830 750 est
2872 676 2933 749 in

701 790 1024 863 territorio
1067 792 1455 883 Stampensi,
1512 791 1764 864 scilicet
1813 794 1979 884 apud
2035 795 2355 864 Funtanas
2416 806 2479 864 et
2525 795 2693 885 apud
2737 797 2939 867 Ulme-

698 911 861 983 tum,
904 913 970 970 et
1016 898 1079 969 in
1132 911 1260 971 tota
1302 914 1467 971 terra
1506 922 1631 991 que
1683 900 1770 970 ibi
1809 904 2153 992 appendet,
2198 924 2270 973 se
2321 904 2560 973 nullam
2601 902 2840 975 talliam
2879 919 2942 976 et

697 1012 1091 1086 exactionem
1153 1017 1387 1085 debere
1445 1018 1652 1087 lacere
1704 1013 2101 1105 recognovit,
2145 1029 2209 1087 et
2269 1019 2540 1088 eandem
2581 1032 2815 1089 terram
2862 1023 2938 1091 ab

697 1127 870 1197 omni
912 1128 1084 1198 tallia
1123 1137 1189 1201 et.
1227 1127 1558 1200 exactione
1588 1152 1702 1199 sua
1729 1129 1991 1199 liberam
2033 1144 2097 1201 et
2135 1130 2413 1221 quietam
2456 1131 2519 1200 in
2560 1147 2936 1224 perpetuum

695 1265 844 1314 esse
905 1241 1145 1313 dimisit
1202 1257 1265 1314 et
1321 1244 1670 1314 concessit.
1713 1248 1842 1314 Nos
1891 1267 2169 1335 quoque,
2215 1268 2330 1336 pro
2390 1246 2676 1318 remedio
2729 1247 2939 1318 anime

699 1356 933 1448 ipsius»,
997 1370 1060 1428 et
1123 1380 1236 1448 pro
1293 1357 1474 1449 regni
1526 1356 1726 1428 nostri
1796 1357 2160 1449 stabilitate,
2232 1373 2295 1429 et
2357 1382 2470 1450 pro
2532 1360 2938 1434 veneratione

699 1469 1166 1562 gloriosissime
1221 1471 1496 1543 ecclesie
1537 1475 1768 1542 Sancte
1810 1471 2055 1555 CruciS,
2098 1472 2474 1564 predictam¹
2513 1487 2743 1545 terram
2789 1499 2939 1547 cum

700 1584 1001 1656 omnibus
1038 1582 1439 1677 appendiciis
1479 1585 1614 1656 suis
1654 1589 1732 1655 ab
1764 1585 1939 1657 omni
1979 1586 2148 1657 tallia
2187 1598 2250 1657 et
2297 1588 2627 1660 exactione
2675 1587 2940 1660 liberam

697 1714 760 1771 et
786 1698 1066 1790 quietam
1107 1698 1168 1769 in
1212 1713 1591 1791 perpetuum
1631 1722 1780 1771 esse
1809 1698 2255 1779 concessimus
2285 1716 2348 1772 et
2386 1701 2754 1776 eternaliter
2787 1727 2940 1775 con-

704 1814 1124 1884 firmavimus.
1168 1817 1353 1900 Quod
1399 1828 1467 1884 ut
1502 1828 1807 1906 perpetue
1842 1813 2205 1887 stabilitatis
2255 1815 2538 1887 obtineat
2579 1817 2942 1891 munimen-

704 1943 865 2010 tum,
922 1928 1163 2020 scripto
1202 1926 1795 2000 commendavimus
1849 1942 1912 2000 et
1947 1928 2136 2020 sigilli
2176 1928 2377 2001 nostri
2430 1930 2833 2016 auctoritate,
2877 1948 2941 2006 et

699 2042 979 2116 nominis
1009 2042 1211 2114 nostri
1241 2058 1564 2115 caractere
1602 2044 2240 2117 subterfirmavimus.
2339 2103 2344 2104 γ

788 2163 1014 2229 Actum
1084 2159 1339 2248 publice
1403 2161 1569 2249 apud
1637 2159 2066 2250 Ingranniam‚
2139 2183 2309 2233 anno
2373 2159 2683 2233 incarnati
2749 2160 2936 2235 Verbi

700 2275 1147 2355 MCXXXVlIll,
1200 2272 1376 2363 regni
1420 2272 1621 2345 nostri
1677 2274 1904 2356 tercio,
1945 2274 2303 2347 astantibus
2342 2276 2406 2347 in
2450 2277 2685 2370 palatio
2720 2292 2941 2350 nostro

699 2410 972 2477 quorum
1014 2387 1270 2457 nomina
1333 2387 1704 2460 subtitulata
1745 2402 1896 2459 sunt
1950 2404 2014 2460 et
2066 2391 2274 2481 signa.
2319 2395 2386 2461 S.
2444 2393 2719 2473 Radani,
2767 2392 2942 2463 Viro‘-

699 2503 1078 2570 mandorum
1120 2500 1376 2572 comitis
1411 2516 1475 2573 et
1515 2502 1776 2594 dapiferi
1809 2503 2035 2574 nostri.
2085 2507 2152 2574 S.
2195 2503 2495 2575 Willelmi
2551 2504 2937 2577 buticularii.

705 2618 770 2684 S.
804 2613 1033 2685 Matbei
1073 2616 1552 2686 constabularii.
1595 2622 1660 2687 S.
1695 2617 1919 2688 Mathei
1960 2617 2311 2689 camerarii.

790 2733 949 2800 Data
990 2752 1103 2822 per
1132 2753 1390 2801 manum
1431 2730 1665 2823 Algrini
1696 2731 2082 2805 cancellarii.

1636 3069 1644 3077 ·
1746 3048 1868 3107 LVI

1469 3278 1600 3371 [ap.
1638 3279 1698 3338 le
1726 3276 1767 3336 3
1799 3277 1979 3358 aodt]
2017 3277 2174 3340 1124

703 3514 862 3583 Jean‚
896 3513 1106 3583 eveque
1135 3511 1451 3581 d’OrleanS‚
1481 3510 1714 3566 accorde
1742 3527 1816 3566 au
1843 3511 2112 3583 chapitre‚
2159 3512 2192 3565 a
2238 3512 2567 3583 perpetuite,
2619 3513 2672 3567 la
2708 3512 2834 3567 villa
2876 3510 2942 3566 de

1165 3609 1437 3682 Villepion
1467 3617 1519 3664 et
1548 3612 1597 3665 le
1628 3610 1746 3665 clos
1777 3609 1844 3665 de
1871 3610 2062 3681 vignes
2094 3610 2159 3665 de
2191 3610 2402 3683 Coigny
2421 3611 2463 3664 ¹.

1409 3801 1603 3875 (Copie
1630 3804 1704 3860 de
1734 3804 1959 3871 Beluae,
1992 3820 2046 3876 p.
2080 3802 2195 3873 68).

794 4026 860 4094 ln
921 4024 1184 4094 nomine
1237 4037 1476 4094 sanctae
1527 4038 1590 4095 et
1647 4021 1990 4094 individuae
2050 4022 2397 4094 Trinitatis.
2443 4027 2574 4114 Ego
2620 4027 2943 4095 lohannes

699 4137 816 4208 Dei
842 4135 1044 4227 gratia
1085 4137 1557 4208 Aurelianensis
1597 4136 1967 4229 episcopus,
2006 4150 2069 4209 et
2110 4142 2470 4230 Stephanus
2507 4142 2756 4209 Sanctae
2787 4142 2943 4209 Cru-

705 4250 801 4323 cis
862 4253 1176 4334 decanuS,
1233 4255 1755 4322 Archembaudus
1804 4274 2058 4344 quoque
2115 4254 2525 4323 subdecanus
2581 4265 2646 4323 et
2697 4276 2943 4345 praepo-

780 4571 794 4603 ¹
823 4591 852 4624 α
883 4570 1221 4630 Extatetiam
1243 4569 1517 4641 descripta
1540 4581 1599 4626 η’
1618 4568 1718 4626 VII
1739 4570 1910 4640 hujus
1937 4569 2258 4638 chartularii
2283 4587 2334 4624 n.
2359 4600 2418 4609 —
2441 4567 2525 4627 cf.
2541 4569 2786 4642 ch.L11.,
2808 4584 2864 4623 n.
2887 4569 2940 4627 1.
