3485 5571
1614 696 1770 756 Lxlt

1517 908 1643 970 Mai
1685 906 1806 971 978
1836 909 1852 942 ¹

680 1083 933 1154 Huguee,
961 1084 1310 1157 archeveque
1333 1083 1405 1139 de
1432 1084 1701 1155 Boni-ges,
1735 1085 2034 1142 affranchit
2058 1086 2127 1143 de
2165 1088 2374 1160 synode
2399 1095 2454 1144 et
2485 1089 2553 1146 de
2583 1095 2700 1162 gite

1041 1179 1253 1250 l'eglise
1277 1178 1348 1235 de
1381 1180 1590 1252 Marsy,
1619 1196 1689 1235 en
1712 1180 1961 1252 echange
1992 1180 2062 1238 de
2089 1184 2323 1255 prietes.

875 1297 1150 1372 (original
1174 1315 1275 1355 sur
1302 1301 1650 1372 parchemin.
1681 1300 1854 1356 Arch.
1897 1301 1973 1357 du
1999 1302 2204 1372 Loiret‚
2236 1304 2305 1360 G.
2337 1305 2489 1374 343).

640 1466 707 1534 ln
746 1463 1010 1536 nomine
1048 1480 1310 1537 sanctae
1336 1473 1401 1538 et
1429 1465 1795 1539 individuae
1832 1467 2191 1554 TrinitatiS,
2218 1474 2422 1561 Engo,
2454 1472 2813 1544 Bituricen-

547 1579 718 1650 sium
780 1578 980 1670 gratia
1040 1579 1157 1650 Dei
1222 1578 1773 1672 archiepiscopus,
1833 1586 2298 1674 Quaecumque
2339 1584 2497 1656 locis
2555 1584 2810 1658 divinae

550 1695 734 1764 aulae
782 1692 1011 1765 dicatis
1052 1697 1145 1765 vel
1188 1697 1546 1786 delegando
1579 1697 1928 1767 annuimus
1976 1712 2086 1768 aut
2133 1699 2349 1770 minus
2388 1698 2618 1771 idonea
2660 1724 2818 1792 sup·

553 1809 727 1897 plere
756 1804 1090 1877 innitimur
1114 1815 1163 1893 ¹,
1206 1811 1331 1880 hoc
1377 1824 1673 1900 expetere
1707 1824 1926 1882 nostre
1955 1811 2812 1886 humilitatis'ministerium

549 1933 618 1996 et
659 1919 979 2011 presentis
1019 1919 1144 1992 vite
1185 1921 1550 1992 felicitatem
1580 1921 1802 1994 indere
1841 1938 1907 1995 et
1947 1927 2023 1995 ad
2062 1939 2433 2016 perpetuam
2463 1925 2806 1998 beatitudi-

555 2055 704 2103 nem
772 2031 1108 2105 fatiliorem
1168 2034 1507 2105 transitum
1569 2049 1825 2107 constat
1889 2040 2180 2128 prebere,
2238 2052 2308 2107 ut
2365 2037 2530 2109 sicut
2594 2054 2809 2129 partes

549 2148 756 2217 nostri
807 2146 1097 2237 corporis
1147 2148 1266 2219 sibi
1309 2162 1598 2220 mutuato
1639 2149 1868 2221 solatio
1907 2152 1973 2220 in
2035 2150 2308 2223 invicem
2367 2157 2807 2244 competentia

551 2260 990 2352 subpeditant,
1047 2259 1143 2332 sic
1200 2276 1417 2332 nostre
1477 2265 1817 2334 aecclesiae
1859 2285 1985 2334 uno
2024 2266 2320 2354 copulate
2378 2263 2632 2335 Christo
2682 2265 2810 2337 sibi

547 2376 826 2447 invicem
865 2378 1079 2448 obtata
1110 2379 1492 2446 concedant.
1537 2379 1754 2466 Itaque
1796 2390 2017 2447 notum
2055 2400 2203 2448 esse
2232 2381 2528 2448 volumus
2554 2379 2812 2450 cunctis

549 2491 852 2560 fidelibus
903 2503 1142 2560 sanctae
1190 2491 1308 2560 Dei
1348 2491 1664 2560 aecclesiae
1704 2502 1832 2559 tam
1867 2489 2275 2580 presentibus
2315 2514 2506 2580 quam
2549 2490 2812 2576 futuris,

549 2603 854 2695 precipue
893 2601 1304 2694 coepiscopis
1343 2607 1582 2672 nostris
1616 2617 1681 2673 et
1718 2601 1895 2673 omni
1934 2602 2103 2673 cetui
2143 2604 2602 2675 canonicorum
2634 2607 2814 2676 sedis

550 2716 765 2788 Sancti
821 2714 1125 2808 Stephani
1191 2712 1653 2808 protomartiris
1703 2713 2124 2785 Bituricensis
2162 2716 2497 2800 aecclesiae,
2540 2716 2810 2808 quibus-

546 2853 824 2921 cumque
861 2829 1216 2901 honoribus
1257 2827 1589 2921 promotis,
1624 2827 1773 2919 quia
1803 2829 2189 2920 complacuit
2228 2833 2806 2921 obtemperandum

548 2943 767 3037 petitis
824 2942 1043 3014 domni
1106 2946 1373 3026 Arnulfi,
1432 2941 1916 3013 Aurelianorum
1975 2941 2289 3034 episcopi,
2358 2957 2420 3015 et
2493 2944 2812 3017 universae

548 3056 884 3130 concionis
917 3071 1158 3128 sanctae
1193 3071 1257 3127 et
1287 3054 1532 3127 vivifice
1573 3054 1823 3139 Crucis,
1857 3056 2180 3127 remittere
2203 3055 2519 3147 siquidem
2549 3057 2805 3131 cuidam

545 3172 862 3244 aecclesiae
902 3170 962 3241 in
997 3184 1217 3241 nostro
1255 3172 1638 3261 episcopatu
1676 3170 1817 3241 sitae
1858 3169 1920 3239 in
1963 3172 2117 3241 fisco
2150 3174 2402 3243 Sanctae
2442 3174 2664 3244 Crucis
2693 3176 2805 3264 qui

544 3284 780 3358 dicitur
817 3284 1155 3369 MaciacuS,
1217 3284 1563 3377 pertinenti
1622 3287 1701 3355 ad
1761 3284 1994 3377 stipem
2050 3288 2337 3369 fratrum,
2377 3284 2669 3376 quicquit
2725 3290 2810 3358 ab

540 3399 1066 3475 antecessoribus
1108 3404 1347 3471 nostris
1403 3412 1471 3471 et
1516 3412 1757 3491 postaea
1795 3422 1831 3468 a
1874 3399 2062 3469 nobis
2102 3401 2367 3469 reddere
2426 3401 2808 3490 cogebatur»

543 3512 842 3584 videlicet
888 3514 1202 3603 synodum
1253 3524 1317 3581 et
1360 3518 1520 3602 quas
1573 3531 1880 3581 vocamus
1932 3524 2203 3600 paratas.
2249 3508 2602 3579 Statuimus
2647 3532 2804 3600 ergo

542 3649 686 3697 eam
745 3630 824 3697 ab
864 3626 1174 3698 hodierna
1220 3625 1324 3696 die
1379 3624 1734 3695 immunem
1774 3639 1838 3694 et
1885 3625 2198 3707 liberam;
2238 3625 2487 3693 nullum
2538 3621 2808 3695 omnino

533 3743 775 3822 ,reddat
812 3739 999 3812 nobis
1029 3743 1121 3811 vel
1159 3738 1640 3812 archidiaconis
1669 3736 1910 3808 nostris
1950 3726 2370 3828 obsequium,
2403 3736 2560 3807 solis
2597 3759 2804 3808 cano-

543 3853 709 3925 nicis
754 3858 986 3925 Sancte
1030 3851 1250 3923 Crucis
1289 3850 1594 3922 victuaria
1643 3850 2145 3935 administrans;
2192 3873 2311 3921 nec
2350 3853 2429 3920 ab
2473 3849 2802 3942 episcopis

545 3968 641 4037 vel
668 3964 808 4036 aliis
835 3962 1171 4037 ordinibus
1209 3962 1316 4054 qui
1357 3977 1501 4052 post
1532 3985 1651 4033 nos
1682 3964 1873 4033 futuri
1897 3977 2048 4033 sunt
2073 3961 2441 4053 hujusmodi
2470 3976 2799 4053 repetatur

543 4077 953 4168 obsequium,
994 4079 1107 4147 sed
1160 4074 1328 4147 sicut
1371 4077 1617 4166 agenda
1651 4098 1684 4145 a
1717 4098 1789 4146 se
1828 4074 2209 4147 stabilienda
2249 4074 2649 4162 censuerint,
2694 4075 2795 4145 sic

542 4214 582 4262 a
620 4193 810 4262 nobis
848 4189 1091 4260 difinita
1137 4212 1263 4259 non
1300 4202 1618 4280 repetant,
1660 4187 1785 4259 nisi
1834 4190 1988 4258 illud
2028 4191 2203 4279 quod
2244 4202 2513 4258 matrem
2563 4191 2792 4259 aeccle·

548 4305 943 4395 siam,cujus
965 4302 1088 4374 filia
1115 4306 1249 4375 sore
1273 4301 1668 4393 agnoscitur,
1706 4304 2065 4373 secundum
2103 4316 2350 4394 patrum
2383 4300 2792 4373 traditionem

509 4578 514 4583 .
610 4610 630 4648 ¹
667 4614 745 4670 La
772 4614 899 4669 date
923 4612 993 4667 de
1018 4612 1324 4668 l’indiction
1349 4613 1535 4669 donne
1558 4614 1659 4669 971
1692 4630 1767 4669 ou
1794 4613 1922 4681 986,
1943 4612 2084 4668 mais
2113 4612 2332 4669 l’annee
2360 4612 2438 4667 du
2463 4612 2632 4682 regne
2659 4608 2789 4667 978.

608 4704 632 4739 ²
667 4705 810 4760 Tout
836 4719 902 4759 ce
926 4704 1023 4775 qui
1051 4703 1289 4776 precede
1318 4710 1400 4760 est
1428 4721 1499 4759 en
1529 4704 1738 4775 grande
1768 4704 2102 4759 minuscule.
2133 4706 2203 4759 V.
2242 4702 2297 4758 le
2324 4701 2649 4758 iac-simile.
