<?xml version="1.0" encoding="UTF-8"?>
<!DOCTYPE html PUBLIC "-//W3C//DTD XHTML 1.0 Transitional//EN"
    "http://www.w3.org/TR/xhtml1/DTD/xhtml1-transitional.dtd">
<html xmlns="http://www.w3.org/1999/xhtml" xml:lang="en" lang="en">
 <head>
  <title>
</title>
<meta http-equiv="Content-Type" content="text/html;charset=utf-8" />
  <meta name='ocr-system' content='tesseract 3.04.00' />
  <meta name='ocr-capabilities' content='ocr_page ocr_carea ocr_par ocr_line ocrx_word'/>
</head>
<body>
  <div class='ocr_page' id='page_1' title='image "./cartulairedesai00thilgoog_0188.png"; bbox 0 0 3485 5571; ppageno 0'>
   <div class='ocr_carea' id='block_1_1' title="bbox 1689 605 2013 669">
    <p class='ocr_par' dir='ltr' id='par_1_1' title="bbox 1689 605 2013 669">
     <span class='ocr_line' id='line_1_1' title="bbox 1689 605 2013 669; baseline -0.006 -14"><span class='ocrx_word' id='word_1_1' title='bbox 1689 605 2013 669; x_wconf 64' lang='lat'>...40-</span> 
     </span>
    </p>
   </div>
   <div class='ocr_carea' id='block_1_2' title="bbox 684 732 2982 4250">
    <p class='ocr_par' dir='ltr' id='par_1_2' title="bbox 684 732 2982 4250">
     <span class='ocr_line' id='line_1_2' title="bbox 723 732 2966 827; baseline -0.001 -18"><span class='ocrx_word' id='word_1_2' title='bbox 723 735 1026 810; x_wconf 91' lang='lat' dir='ltr'><strong>omnibus</strong></span> <span class='ocrx_word' id='word_1_3' title='bbox 1069 737 1257 825; x_wconf 83' lang='lat' dir='ltr'><strong>longe</strong></span> <span class='ocrx_word' id='word_1_4' title='bbox 1298 736 1551 826; x_wconf 88' lang='lat' dir='ltr'><strong>lateque</strong></span> <span class='ocrx_word' id='word_1_5' title='bbox 1597 747 1707 805; x_wconf 89' lang='lat' dir='ltr'><strong>aut</strong></span> <span class='ocrx_word' id='word_1_6' title='bbox 1742 756 1940 825; x_wconf 84' lang='lat' dir='ltr'>prope</span> <span class='ocrx_word' id='word_1_7' title='bbox 1986 732 2211 826; x_wconf 90' lang='lat' dir='ltr'><strong>positis</strong></span> <span class='ocrx_word' id='word_1_8' title='bbox 2246 737 2465 818; x_wconf 88' lang='lat' dir='ltr'><strong>rebus,</strong></span> <span class='ocrx_word' id='word_1_9' title='bbox 2513 738 2590 805; x_wconf 92' lang='lat' dir='ltr'><strong>ad</strong></span> <span class='ocrx_word' id='word_1_10' title='bbox 2632 734 2966 827; x_wconf 76' lang='lat' dir='ltr'><strong>praedictas</strong></span> 
     </span>
     <span class='ocr_line' id='line_1_3' title="bbox 722 846 2967 942; baseline -0.001 -19"><span class='ocrx_word' id='word_1_11' title='bbox 722 854 905 923; x_wconf 82' lang='lat' dir='ltr'><strong>villas</strong></span> <span class='ocrx_word' id='word_1_12' title='bbox 946 846 1445 942; x_wconf 79' lang='lat' dir='ltr'><strong>pertinentibuS‚</strong></span> <span class='ocrx_word' id='word_1_13' title='bbox 1487 862 1552 920; x_wconf 89' lang='lat' dir='ltr'><strong>et</strong></span> <span class='ocrx_word' id='word_1_14' title='bbox 1589 848 1827 920; x_wconf 78' lang='lat' dir='ltr'><strong>familia</strong></span> <span class='ocrx_word' id='word_1_15' title='bbox 1868 848 2200 940; x_wconf 87' lang='lat' dir='ltr'><strong>utriusque</strong></span> <span class='ocrx_word' id='word_1_16' title='bbox 2228 873 2441 921; x_wconf 84' lang='lat' dir='ltr'><strong>sexus.</strong></span> <span class='ocrx_word' id='word_1_17' title='bbox 2479 854 2546 920; x_wconf 90' lang='lat' dir='ltr'><strong>ln</strong></span> <span class='ocrx_word' id='word_1_18' title='bbox 2578 873 2741 942; x_wconf 84' lang='lat' dir='ltr'><strong>pago</strong></span> <span class='ocrx_word' id='word_1_19' title='bbox 2779 852 2967 922; x_wconf 89' lang='lat' dir='ltr'><strong>etiam</strong></span> 
     </span>
     <span class='ocr_line' id='line_1_4' title="bbox 722 963 2967 1054; baseline -0.001 -17"><span class='ocrx_word' id='word_1_20' title='bbox 722 964 1117 1048; x_wconf 71' lang='lat' dir='ltr'><strong>masiacum,</strong></span> <span class='ocrx_word' id='word_1_21' title='bbox 1157 963 1301 1034; x_wconf 81' lang='lat' dir='ltr'><strong>villa</strong></span> <span class='ocrx_word' id='word_1_22' title='bbox 1346 987 1489 1054; x_wconf 84' lang='lat' dir='ltr'><strong>quae</strong></span> <span class='ocrx_word' id='word_1_23' title='bbox 1531 977 1797 1035; x_wconf 87' lang='lat' dir='ltr'><strong>vocatur</strong></span> <span class='ocrx_word' id='word_1_24' title='bbox 1859 965 2070 1036; x_wconf 87' lang='lat' dir='ltr'><strong>Curtis</strong></span> <span class='ocrx_word' id='word_1_25' title='bbox 2164 987 2309 1035; x_wconf 91' lang='lat' dir='ltr'><strong>cum</strong></span> <span class='ocrx_word' id='word_1_26' title='bbox 2346 964 2648 1035; x_wconf 89' lang='lat' dir='ltr'><strong>omnibus</strong></span> <span class='ocrx_word' id='word_1_27' title='bbox 2700 968 2780 1036; x_wconf 92' lang='lat' dir='ltr'><strong>ad</strong></span> <span class='ocrx_word' id='word_1_28' title='bbox 2829 989 2967 1037; x_wconf 88' lang='lat' dir='ltr'><strong>eam</strong></span> 
     </span>
     <span class='ocr_line' id='line_1_5' title="bbox 684 1077 2966 1173; baseline -0.001 -20"><span class='ocrx_word' id='word_1_29' title='bbox 684 1079 1222 1173; x_wconf 71' lang='lat' dir='ltr'><strong>pertinentibus.</strong></span> <span class='ocrx_word' id='word_1_30' title='bbox 1274 1083 1650 1149; x_wconf 79' lang='lat' dir='ltr'><strong>Memoratas</strong></span> <span class='ocrx_word' id='word_1_31' title='bbox 1692 1077 1886 1169; x_wconf 80' lang='lat' dir='ltr'><strong>igitur</strong></span> <span class='ocrx_word' id='word_1_32' title='bbox 1937 1081 2160 1162; x_wconf 47' lang='lat' dir='ltr'><strong>cella&amp;</strong></span> <span class='ocrx_word' id='word_1_33' title='bbox 2203 1079 2623 1163; x_wconf 85' lang='lat' dir='ltr'><strong>monasteria,</strong></span> <span class='ocrx_word' id='word_1_34' title='bbox 2663 1094 2727 1151; x_wconf 92' lang='lat' dir='ltr'><strong>et</strong></span> <span class='ocrx_word' id='word_1_35' title='bbox 2764 1079 2966 1162; x_wconf 77' lang='lat' dir='ltr'><strong>villaS‚</strong></span> 
     </span>
     <span class='ocr_line' id='line_1_6' title="bbox 722 1191 2968 1284; baseline -0.001 -17"><span class='ocrx_word' id='word_1_36' title='bbox 722 1218 869 1267; x_wconf 92' lang='lat' dir='ltr'><strong>cum</strong></span> <span class='ocrx_word' id='word_1_37' title='bbox 903 1192 1092 1264; x_wconf 90' lang='lat' dir='ltr'><strong>nonis</strong></span> <span class='ocrx_word' id='word_1_38' title='bbox 1122 1207 1186 1265; x_wconf 92' lang='lat' dir='ltr'><strong>et</strong></span> <span class='ocrx_word' id='word_1_39' title='bbox 1218 1191 1488 1264; x_wconf 87' lang='lat' dir='ltr'><strong>decimis</strong></span> <span class='ocrx_word' id='word_1_40' title='bbox 1513 1216 1675 1283; x_wconf 88' lang='lat' dir='ltr'><strong>quas</strong></span> <span class='ocrx_word' id='word_1_41' title='bbox 1715 1191 1853 1284; x_wconf 89' lang='lat' dir='ltr'><strong>ipsa</strong></span> <span class='ocrx_word' id='word_1_42' title='bbox 1884 1194 2155 1265; x_wconf 87' lang='lat' dir='ltr'><strong>ecclesia</strong></span> <span class='ocrx_word' id='word_1_43' title='bbox 2186 1196 2265 1264; x_wconf 92' lang='lat' dir='ltr'><strong>de</strong></span> <span class='ocrx_word' id='word_1_44' title='bbox 2302 1193 2605 1265; x_wconf 89' lang='lat' dir='ltr'><strong>comitatu</strong></span> <span class='ocrx_word' id='word_1_45' title='bbox 2634 1210 2698 1265; x_wconf 92' lang='lat' dir='ltr'><strong>et</strong></span> <span class='ocrx_word' id='word_1_46' title='bbox 2725 1197 2804 1266; x_wconf 92' lang='lat' dir='ltr'><strong>de</strong></span> <span class='ocrx_word' id='word_1_47' title='bbox 2828 1194 2968 1266; x_wconf 90' lang='lat' dir='ltr'><strong>aliis</strong></span> 
     </span>
     <span class='ocr_line' id='line_1_7' title="bbox 724 1306 2970 1400; baseline 0 -21"><span class='ocrx_word' id='word_1_48' title='bbox 724 1308 911 1393; x_wconf 89' lang='lat' dir='ltr'><strong>villis,</strong></span> <span class='ocrx_word' id='word_1_49' title='bbox 954 1332 1097 1399; x_wconf 86' lang='lat' dir='ltr'><strong>quae</strong></span> <span class='ocrx_word' id='word_1_50' title='bbox 1139 1307 1202 1377; x_wconf 93' lang='lat' dir='ltr'><strong>in</strong></span> <span class='ocrx_word' id='word_1_51' title='bbox 1253 1309 1568 1379; x_wconf 85' lang='lat' dir='ltr'><strong>beneficio</strong></span> <span class='ocrx_word' id='word_1_52' title='bbox 1609 1306 2051 1392; x_wconf 83' lang='lat' dir='ltr'><strong>continentur,</strong></span> <span class='ocrx_word' id='word_1_53' title='bbox 2100 1308 2393 1400; x_wconf 89' lang='lat' dir='ltr'><strong>accipere</strong></span> <span class='ocrx_word' id='word_1_54' title='bbox 2431 1308 2796 1393; x_wconf 79' lang='lat' dir='ltr'><strong>consuevit,</strong></span> <span class='ocrx_word' id='word_1_55' title='bbox 2853 1332 2970 1381; x_wconf 90' lang='lat' dir='ltr'><strong>sen</strong></span> 
     </span>
     <span class='ocr_line' id='line_1_8' title="bbox 723 1420 2966 1515; baseline -0 -20"><span class='ocrx_word' id='word_1_56' title='bbox 723 1424 880 1495; x_wconf 86' lang='lat' dir='ltr'><strong>alias</strong></span> <span class='ocrx_word' id='word_1_57' title='bbox 912 1444 1015 1494; x_wconf 88' lang='lat' dir='ltr'><strong>res</strong></span> <span class='ocrx_word' id='word_1_58' title='bbox 1055 1445 1202 1493; x_wconf 88' lang='lat' dir='ltr'><strong>cum</strong></span> <span class='ocrx_word' id='word_1_59' title='bbox 1229 1423 1422 1493; x_wconf 88' lang='lat' dir='ltr'><strong>rebus</strong></span> <span class='ocrx_word' id='word_1_60' title='bbox 1460 1420 1766 1493; x_wconf 88' lang='lat' dir='ltr'><strong>omnibus</strong></span> <span class='ocrx_word' id='word_1_61' title='bbox 1796 1437 1861 1493; x_wconf 91' lang='lat' dir='ltr'><strong>et</strong></span> <span class='ocrx_word' id='word_1_62' title='bbox 1903 1421 2240 1515; x_wconf 82' lang='lat' dir='ltr'><strong>mancipiis</strong></span> <span class='ocrx_word' id='word_1_63' title='bbox 2268 1424 2346 1493; x_wconf 90' lang='lat' dir='ltr'><strong>ad</strong></span> <span class='ocrx_word' id='word_1_64' title='bbox 2373 1446 2444 1494; x_wconf 90' lang='lat' dir='ltr'><strong>se</strong></span> <span class='ocrx_word' id='word_1_65' title='bbox 2474 1422 2966 1514; x_wconf 84' lang='lat' dir='ltr'><strong>pertinentibus,</strong></span> 
     </span>
     <span class='ocr_line' id='line_1_9' title="bbox 721 1535 2969 1630; baseline 0 -22"><span class='ocrx_word' id='word_1_66' title='bbox 721 1561 882 1630; x_wconf 89' lang='lat' dir='ltr'><strong>quas</strong></span> <span class='ocrx_word' id='word_1_67' title='bbox 932 1538 1124 1608; x_wconf 91' lang='lat' dir='ltr'><strong>modo</strong></span> <span class='ocrx_word' id='word_1_68' title='bbox 1163 1550 1226 1607; x_wconf 90' lang='lat' dir='ltr'><strong>et</strong></span> <span class='ocrx_word' id='word_1_69' title='bbox 1289 1550 1442 1607; x_wconf 90' lang='lat' dir='ltr'><strong>tunc</strong></span> <span class='ocrx_word' id='word_1_70' title='bbox 1483 1538 1625 1626; x_wconf 85' lang='lat' dir='ltr'><strong>jure</strong></span> <span class='ocrx_word' id='word_1_71' title='bbox 1655 1550 1733 1625; x_wconf 51' lang='lat' dir='ltr'><strong>⁴et</strong></span> <span class='ocrx_word' id='word_1_72' title='bbox 1796 1535 2086 1627; x_wconf 83' lang='lat' dir='ltr'><strong>legaliter</strong></span> <span class='ocrx_word' id='word_1_73' title='bbox 2165 1536 2301 1629; x_wconf 90' lang='lat' dir='ltr'><strong>ipsa</strong></span> <span class='ocrx_word' id='word_1_74' title='bbox 2367 1541 2625 1609; x_wconf 90' lang='lat' dir='ltr'><strong>tenebat</strong></span> <span class='ocrx_word' id='word_1_75' title='bbox 2670 1537 2969 1623; x_wconf 88' lang='lat' dir='ltr'><strong>ecclesia,</strong></span> 
     </span>
     <span class='ocr_line' id='line_1_10' title="bbox 720 1648 2971 1745; baseline 0 -21"><span class='ocrx_word' id='word_1_76' title='bbox 720 1650 1075 1745; x_wconf 89' lang='lat' dir='ltr'><strong>apostolico</strong></span> <span class='ocrx_word' id='word_1_77' title='bbox 1127 1665 1366 1721; x_wconf 80' lang='lat' dir='ltr'><strong>nostrae</strong></span> <span class='ocrx_word' id='word_1_78' title='bbox 1415 1648 1815 1722; x_wconf 78' lang='lat' dir='ltr'><strong>auctoritatis</strong></span> <span class='ocrx_word' id='word_1_79' title='bbox 1866 1649 1989 1722; x_wconf 86' lang='lat' dir='ltr'><strong>ritu</strong></span> <span class='ocrx_word' id='word_1_80' title='bbox 2048 1675 2158 1744; x_wconf 89' lang='lat' dir='ltr'><strong>per</strong></span> <span class='ocrx_word' id='word_1_81' title='bbox 2200 1655 2322 1724; x_wconf 90' lang='lat' dir='ltr'><strong>hoc</strong></span> <span class='ocrx_word' id='word_1_82' title='bbox 2349 1666 2585 1724; x_wconf 82' lang='lat' dir='ltr'><strong>nostrae</strong></span> <span class='ocrx_word' id='word_1_83' title='bbox 2620 1652 2971 1724; x_wconf 83' lang='lat' dir='ltr'><strong>altitudinis</strong></span> 
     </span>
     <span class='ocr_line' id='line_1_11' title="bbox 720 1763 2971 1858; baseline -0.002 -17"><span class='ocrx_word' id='word_1_84' title='bbox 720 1765 1029 1858; x_wconf 84' lang='lat' dir='ltr'><strong>scriptum</strong></span> <span class='ocrx_word' id='word_1_85' title='bbox 1086 1763 1302 1837; x_wconf 90' lang='lat' dir='ltr'><strong>eidem</strong></span> <span class='ocrx_word' id='word_1_86' title='bbox 1361 1765 1575 1836; x_wconf 90' lang='lat' dir='ltr'><strong>denuo</strong></span> <span class='ocrx_word' id='word_1_87' title='bbox 1620 1768 2076 1837; x_wconf 84' lang='lat' dir='ltr'><strong>confirmamus</strong></span> <span class='ocrx_word' id='word_1_88' title='bbox 2128 1765 2449 1850; x_wconf 64' lang='lat' dir='ltr'><strong>ecclesiae,</strong></span> <span class='ocrx_word' id='word_1_89' title='bbox 2492 1781 2560 1837; x_wconf 88' lang='lat' dir='ltr'><strong>ut</strong></span> <span class='ocrx_word' id='word_1_90' title='bbox 2623 1770 2743 1838; x_wconf 87' lang='lat' dir='ltr'><strong>hac</strong></span> <span class='ocrx_word' id='word_1_91' title='bbox 2783 1769 2971 1858; x_wconf 89' lang='lat' dir='ltr'><strong>hujus</strong></span> 
     </span>
     <span class='ocr_line' id='line_1_12' title="bbox 718 1877 2971 1972; baseline -0.001 -20"><span class='ocrx_word' id='word_1_92' title='bbox 718 1879 1093 1972; x_wconf 65' lang='lat' dir='ltr'><strong>apostolica}</strong></span> <span class='ocrx_word' id='word_1_93' title='bbox 1179 1877 1358 1951; x_wconf 90' lang='lat' dir='ltr'><strong>sedis</strong></span> <span class='ocrx_word' id='word_1_94' title='bbox 1436 1877 1841 1950; x_wconf 91' lang='lat' dir='ltr'><strong>immunitate</strong></span> <span class='ocrx_word' id='word_1_95' title='bbox 1906 1883 2205 1970; x_wconf 80' lang='lat' dir='ltr'><strong>praesatus</strong></span> <span class='ocrx_word' id='word_1_96' title='bbox 2280 1880 2563 1972; x_wconf 77' lang='lat' dir='ltr'><strong>pontifex</strong></span> <span class='ocrx_word' id='word_1_97' title='bbox 2650 1895 2715 1952; x_wconf 89' lang='lat' dir='ltr'><strong>et</strong></span> <span class='ocrx_word' id='word_1_98' title='bbox 2778 1881 2971 1951; x_wconf 83' lang='lat' dir='ltr'><strong>l&#39;uturi</strong></span> 
     </span>
     <span class='ocr_line' id='line_1_13' title="bbox 723 1990 2971 2086; baseline -0 -21"><span class='ocrx_word' id='word_1_99' title='bbox 723 1992 1089 2086; x_wconf 80' lang='lat' dir='ltr'><strong>saepedictae</strong></span> <span class='ocrx_word' id='word_1_100' title='bbox 1138 1990 1434 2065; x_wconf 64' lang='lat' dir='ltr'><strong>ecclesiae</strong></span> <span class='ocrx_word' id='word_1_101' title='bbox 1482 1993 1792 2083; x_wconf 77' lang='lat' dir='ltr'><strong>praesules</strong></span> <span class='ocrx_word' id='word_1_102' title='bbox 1867 2015 1981 2084; x_wconf 84' lang='lat' dir='ltr'><strong>per</strong></span> <span class='ocrx_word' id='word_1_103' title='bbox 2050 1992 2263 2064; x_wconf 90' lang='lat' dir='ltr'><strong>omnia</strong></span> <span class='ocrx_word' id='word_1_104' title='bbox 2290 2006 2356 2064; x_wconf 88' lang='lat' dir='ltr'><strong>et</strong></span> <span class='ocrx_word' id='word_1_105' title='bbox 2385 1992 2449 2062; x_wconf 92' lang='lat' dir='ltr'><strong>in</strong></span> <span class='ocrx_word' id='word_1_106' title='bbox 2493 1992 2793 2064; x_wconf 91' lang='lat' dir='ltr'><strong>omnibus</strong></span> <span class='ocrx_word' id='word_1_107' title='bbox 2830 2018 2971 2085; x_wconf 83' lang='lat' dir='ltr'><strong>quae</strong></span> 
     </span>
     <span class='ocr_line' id='line_1_14' title="bbox 724 2104 2970 2197; baseline -0.001 -18"><span class='ocrx_word' id='word_1_108' title='bbox 724 2107 848 2179; x_wconf 90' lang='lat' dir='ltr'><strong>sibi</strong></span> <span class='ocrx_word' id='word_1_109' title='bbox 876 2106 1237 2179; x_wconf 89' lang='lat' dir='ltr'><strong>necessaria</strong></span> <span class='ocrx_word' id='word_1_110' title='bbox 1267 2107 1823 2191; x_wconf 61' lang='lat' dir='ltr'><strong>summutantur,</strong></span> <span class='ocrx_word' id='word_1_111' title='bbox 1865 2128 2111 2197; x_wconf 89' lang='lat' dir='ltr'><strong>suaque</strong></span> <span class='ocrx_word' id='word_1_112' title='bbox 2170 2109 2545 2190; x_wconf 75' lang='lat' dir='ltr'><strong>deffendant,</strong></span> <span class='ocrx_word' id='word_1_113' title='bbox 2613 2120 2677 2178; x_wconf 80' lang='lat' dir='ltr'><strong>et</strong></span> <span class='ocrx_word' id='word_1_114' title='bbox 2707 2104 2970 2178; x_wconf 89' lang='lat' dir='ltr'><strong>liberam</strong></span> 
     </span>
     <span class='ocr_line' id='line_1_15' title="bbox 723 2218 2969 2310; baseline -0.002 -15"><span class='ocrx_word' id='word_1_115' title='bbox 723 2220 952 2295; x_wconf 83' lang='lat' dir='ltr'><strong>exinde</strong></span> <span class='ocrx_word' id='word_1_116' title='bbox 992 2235 1058 2293; x_wconf 90' lang='lat' dir='ltr'><strong>et</strong></span> <span class='ocrx_word' id='word_1_117' title='bbox 1096 2243 1168 2292; x_wconf 85' lang='lat' dir='ltr'><strong>ex</strong></span> <span class='ocrx_word' id='word_1_118' title='bbox 1217 2218 1359 2290; x_wconf 90' lang='lat' dir='ltr'><strong>aliis</strong></span> <span class='ocrx_word' id='word_1_119' title='bbox 1398 2223 1592 2291; x_wconf 85' lang='lat' dir='ltr'><strong>rebus</strong></span> <span class='ocrx_word' id='word_1_120' title='bbox 1626 2244 1769 2310; x_wconf 84' lang='lat' dir='ltr'><strong>quae</strong></span> <span class='ocrx_word' id='word_1_121' title='bbox 1805 2220 2015 2291; x_wconf 82' lang='lat' dir='ltr'><strong>eidem</strong></span> <span class='ocrx_word' id='word_1_122' title='bbox 2056 2220 2350 2292; x_wconf 85' lang='lat' dir='ltr'><strong>ecclesiae</strong></span> <span class='ocrx_word' id='word_1_123' title='bbox 2399 2244 2433 2292; x_wconf 89' lang='lat' dir='ltr'><strong>a</strong></span> <span class='ocrx_word' id='word_1_124' title='bbox 2493 2221 2789 2292; x_wconf 83' lang='lat' dir='ltr'><strong>fidelibus</strong></span> <span class='ocrx_word' id='word_1_125' title='bbox 2856 2222 2969 2293; x_wconf 91' lang='lat' dir='ltr'><strong>Dei</strong></span> 
     </span>
     <span class='ocr_line' id='line_1_16' title="bbox 718 2333 2968 2427; baseline -0.001 -18"><span class='ocrx_word' id='word_1_126' title='bbox 718 2338 988 2409; x_wconf 84' lang='lat' dir='ltr'><strong>conlatae</strong></span> <span class='ocrx_word' id='word_1_127' title='bbox 1026 2349 1176 2405; x_wconf 89' lang='lat' dir='ltr'><strong>sunt</strong></span> <span class='ocrx_word' id='word_1_128' title='bbox 1226 2337 1505 2406; x_wconf 83' lang='lat' dir='ltr'><strong>habeant</strong></span> <span class='ocrx_word' id='word_1_129' title='bbox 1556 2347 1969 2427; x_wconf 90' lang='lat' dir='ltr'><strong>potestatem.</strong></span> <span class='ocrx_word' id='word_1_130' title='bbox 2018 2333 2265 2406; x_wconf 76' lang='lat' dir='ltr'><strong>Obtulit</strong></span> <span class='ocrx_word' id='word_1_131' title='bbox 2322 2335 2565 2407; x_wconf 82' lang='lat' dir='ltr'><strong>interea</strong></span> <span class='ocrx_word' id='word_1_132' title='bbox 2619 2335 2968 2426; x_wconf 88' lang='lat' dir='ltr'><strong>jamdictus</strong></span> 
     </span>
     <span class='ocr_line' id='line_1_17' title="bbox 718 2449 2971 2541; baseline 0 -18"><span class='ocrx_word' id='word_1_133' title='bbox 718 2450 1099 2525; x_wconf 83' lang='lat' dir='ltr'><strong>venerabilis</strong></span> <span class='ocrx_word' id='word_1_134' title='bbox 1158 2453 1390 2541; x_wconf 84' lang='lat' dir='ltr'><strong>praesul</strong></span> <span class='ocrx_word' id='word_1_135' title='bbox 1438 2449 1914 2522; x_wconf 78' lang='lat' dir='ltr'><strong>Aurelianensis</strong></span> <span class='ocrx_word' id='word_1_136' title='bbox 1978 2452 2272 2522; x_wconf 85' lang='lat' dir='ltr'><strong>ecclesiae</strong></span> <span class='ocrx_word' id='word_1_137' title='bbox 2343 2451 2674 2523; x_wconf 89' lang='lat' dir='ltr'><strong>obtutibus</strong></span> <span class='ocrx_word' id='word_1_138' title='bbox 2735 2453 2971 2523; x_wconf 86' lang='lat' dir='ltr'><strong>nostris</strong></span> 
     </span>
     <span class='ocr_line' id='line_1_18' title="bbox 718 2564 2964 2657; baseline -0.002 -18"><span class='ocrx_word' id='word_1_139' title='bbox 718 2564 1162 2639; x_wconf 88' lang='lat' dir='ltr'><strong>auctoritatem</strong></span> <span class='ocrx_word' id='word_1_140' title='bbox 1184 2577 1213 2610; x_wconf 88' lang='lat'><em>⁰</em></span> <span class='ocrx_word' id='word_1_141' title='bbox 1241 2564 1663 2635; x_wconf 91' lang='lat' dir='ltr'><strong>immunitatis</strong></span> <span class='ocrx_word' id='word_1_142' title='bbox 1693 2587 1918 2657; x_wconf 84' lang='lat' dir='ltr'><strong>regum</strong></span> <span class='ocrx_word' id='word_1_143' title='bbox 1950 2564 2246 2636; x_wconf 77' lang='lat' dir='ltr'><strong>videlicet</strong></span> <span class='ocrx_word' id='word_1_144' title='bbox 2270 2580 2459 2656; x_wconf 88' lang='lat' dir='ltr'><strong>atque</strong></span> <span class='ocrx_word' id='word_1_145' title='bbox 2478 2566 2964 2657; x_wconf 87' lang='lat' dir='ltr'><strong>imperatorum,</strong></span> 
     </span>
     <span class='ocr_line' id='line_1_19' title="bbox 719 2678 2969 2771; baseline 0 -21"><span class='ocrx_word' id='word_1_146' title='bbox 719 2681 782 2750; x_wconf 92' lang='lat' dir='ltr'><strong>in</strong></span> <span class='ocrx_word' id='word_1_147' title='bbox 826 2703 950 2771; x_wconf 88' lang='lat' dir='ltr'><strong>qna</strong></span> <span class='ocrx_word' id='word_1_148' title='bbox 1015 2692 1149 2750; x_wconf 84' lang='lat' dir='ltr'><strong>erat</strong></span> <span class='ocrx_word' id='word_1_149' title='bbox 1199 2679 1509 2750; x_wconf 88' lang='lat' dir='ltr'><strong>insertum</strong></span> <span class='ocrx_word' id='word_1_150' title='bbox 1550 2681 1719 2769; x_wconf 89' lang='lat' dir='ltr'><strong>quod</strong></span> <span class='ocrx_word' id='word_1_151' title='bbox 1786 2678 1908 2770; x_wconf 91' lang='lat' dir='ltr'><strong>ipsi</strong></span> <span class='ocrx_word' id='word_1_152' title='bbox 1969 2701 2156 2770; x_wconf 81' lang='lat' dir='ltr'><strong>reges</strong></span> <span class='ocrx_word' id='word_1_153' title='bbox 2215 2683 2603 2751; x_wconf 84' lang='lat' dir='ltr'><strong>Francorum</strong></span> <span class='ocrx_word' id='word_1_154' title='bbox 2673 2679 2969 2752; x_wconf 87' lang='lat' dir='ltr'><strong>videlicet</strong></span> 
     </span>
     <span class='ocr_line' id='line_1_20' title="bbox 721 2793 2963 2887; baseline 0 -22"><span class='ocrx_word' id='word_1_155' title='bbox 721 2809 987 2867; x_wconf 84' lang='lat' dir='ltr'><strong>matrem</strong></span> <span class='ocrx_word' id='word_1_156' title='bbox 1020 2794 1393 2878; x_wconf 87' lang='lat' dir='ltr'><strong>ecclesiam,</strong></span> <span class='ocrx_word' id='word_1_157' title='bbox 1420 2793 1523 2866; x_wconf 91' lang='lat' dir='ltr'><strong>cui</strong></span> <span class='ocrx_word' id='word_1_158' title='bbox 1560 2807 1865 2865; x_wconf 55' lang='lat' dir='ltr'><strong>auctore?</strong></span> <span class='ocrx_word' id='word_1_159' title='bbox 1889 2799 2023 2866; x_wconf 91' lang='lat' dir='ltr'><strong>Deo</strong></span> <span class='ocrx_word' id='word_1_160' title='bbox 2047 2795 2187 2886; x_wconf 90' lang='lat' dir='ltr'><strong>ipse</strong></span> <span class='ocrx_word' id='word_1_161' title='bbox 2221 2795 2600 2866; x_wconf 79' lang='lat' dir='ltr'><strong>venerabilis</strong></span> <span class='ocrx_word' id='word_1_162' title='bbox 2616 2794 2963 2887; x_wconf 89' lang='lat' dir='ltr'><strong>episcopus</strong></span> 
     </span>
     <span class='ocr_line' id='line_1_21' title="bbox 721 2907 2977 3001; baseline 0.001 -23"><span class='ocrx_word' id='word_1_163' title='bbox 721 2923 978 3001; x_wconf 80' lang='lat' dir='ltr'><strong>praeest,</strong></span> <span class='ocrx_word' id='word_1_164' title='bbox 1012 2912 1132 2979; x_wconf 92' lang='lat' dir='ltr'><strong>sub</strong></span> <span class='ocrx_word' id='word_1_165' title='bbox 1157 2921 1186 2964; x_wconf 79' lang='lat'><strong>‘¹</strong></span> <span class='ocrx_word' id='word_1_166' title='bbox 1226 2931 1345 2979; x_wconf 91' lang='lat' dir='ltr'><strong>suo</strong></span> <span class='ocrx_word' id='word_1_167' title='bbox 1385 2907 1589 2999; x_wconf 87' lang='lat' dir='ltr'><strong>ipsius</strong></span> <span class='ocrx_word' id='word_1_168' title='bbox 1644 2907 1999 2979; x_wconf 90' lang='lat' dir='ltr'><strong>munimine</strong></span> <span class='ocrx_word' id='word_1_169' title='bbox 2038 2931 2113 2979; x_wconf 90' lang='lat' dir='ltr'><strong>ac</strong></span> <span class='ocrx_word' id='word_1_170' title='bbox 2167 2908 2506 2980; x_wconf 88' lang='lat' dir='ltr'><strong>devotione</strong></span> <span class='ocrx_word' id='word_1_171' title='bbox 2531 2924 2561 2954; x_wconf 81' lang='lat'><strong>²·</strong></span> <span class='ocrx_word' id='word_1_172' title='bbox 2618 2909 2977 2981; x_wconf 89' lang='lat' dir='ltr'><strong>consistere</strong></span> 
     </span>
     <span class='ocr_line' id='line_1_22' title="bbox 721 3020 2979 3108; baseline 0 -15"><span class='ocrx_word' id='word_1_173' title='bbox 721 3022 1054 3108; x_wconf 77' lang='lat' dir='ltr'><strong>fecissent,</strong></span> <span class='ocrx_word' id='word_1_174' title='bbox 1097 3036 1161 3093; x_wconf 90' lang='lat' dir='ltr'><strong>et</strong></span> <span class='ocrx_word' id='word_1_175' title='bbox 1208 3045 1433 3095; x_wconf 85' lang='lat' dir='ltr'><strong>eorum</strong></span> <span class='ocrx_word' id='word_1_176' title='bbox 1489 3020 1889 3094; x_wconf 90' lang='lat' dir='ltr'><strong>immunitate</strong></span> <span class='ocrx_word' id='word_1_177' title='bbox 1931 3021 2366 3094; x_wconf 82' lang='lat' dir='ltr'><strong>auctoritatis⁸</strong></span> <span class='ocrx_word' id='word_1_178' title='bbox 2402 3025 2713 3094; x_wconf 89' lang='lat' dir='ltr'><strong>hactenus</strong></span> <span class='ocrx_word' id='word_1_179' title='bbox 2752 3028 2829 3094; x_wconf 91' lang='lat' dir='ltr'><strong>ab</strong></span> <span class='ocrx_word' id='word_1_180' title='bbox 2869 3022 2979 3094; x_wconf 91' lang='lat' dir='ltr'><strong>in-</strong></span> 
     </span>
     <span class='ocr_line' id='line_1_23' title="bbox 725 3134 2976 3228; baseline 0.001 -22"><span class='ocrx_word' id='word_1_181' title='bbox 725 3135 1096 3228; x_wconf 88' lang='lat' dir='ltr'><strong>quietudine</strong></span> <span class='ocrx_word' id='word_1_182' title='bbox 1121 3134 1473 3227; x_wconf 87' lang='lat' dir='ltr'><strong>judiciariae</strong></span> <span class='ocrx_word' id='word_1_183' title='bbox 1499 3139 1866 3227; x_wconf 88' lang='lat' dir='ltr'><strong>protestatis</strong></span> <span class='ocrx_word' id='word_1_184' title='bbox 1904 3138 2130 3208; x_wconf 89' lang='lat' dir='ltr'><strong>eadem</strong></span> <span class='ocrx_word' id='word_1_185' title='bbox 2160 3135 2401 3207; x_wconf 88' lang='lat' dir='ltr'><strong>munita</strong></span> <span class='ocrx_word' id='word_1_186' title='bbox 2423 3159 2498 3208; x_wconf 86' lang='lat' dir='ltr'><strong>ac</strong></span> <span class='ocrx_word' id='word_1_187' title='bbox 2527 3140 2792 3208; x_wconf 76' lang='lat' dir='ltr'><strong>detensa</strong></span> <span class='ocrx_word' id='word_1_188' title='bbox 2818 3136 2976 3208; x_wconf 83' lang='lat' dir='ltr'><strong>l&#39;uis-</strong></span> 
     </span>
     <span class='ocr_line' id='line_1_24' title="bbox 726 3248 2976 3343; baseline 0 -22"><span class='ocrx_word' id='word_1_189' title='bbox 726 3264 827 3322; x_wconf 88' lang='lat' dir='ltr'><strong>set</strong></span> <span class='ocrx_word' id='word_1_190' title='bbox 863 3248 1161 3321; x_wconf 89' lang='lat' dir='ltr'><strong>ecclesia.</strong></span> <span class='ocrx_word' id='word_1_191' title='bbox 1207 3253 1305 3321; x_wconf 91' lang='lat' dir='ltr'><strong>Ob</strong></span> <span class='ocrx_word' id='word_1_192' title='bbox 1346 3249 1435 3321; x_wconf 84' lang='lat' dir='ltr'><strong>rei</strong></span> <span class='ocrx_word' id='word_1_193' title='bbox 1478 3263 1690 3321; x_wconf 90' lang='lat' dir='ltr'><strong>tamen</strong></span> <span class='ocrx_word' id='word_1_194' title='bbox 1723 3249 2087 3322; x_wconf 84' lang='lat' dir='ltr'><strong>firmitatem</strong></span> <span class='ocrx_word' id='word_1_195' title='bbox 2112 3249 2455 3342; x_wconf 87' lang='lat' dir='ltr'><strong>postulavit</strong></span> <span class='ocrx_word' id='word_1_196' title='bbox 2483 3273 2600 3322; x_wconf 91' lang='lat' dir='ltr'><strong>nos</strong></span> <span class='ocrx_word' id='word_1_197' title='bbox 2629 3250 2976 3343; x_wconf 84' lang='lat' dir='ltr'><strong>jamdictus</strong></span> 
     </span>
     <span class='ocr_line' id='line_1_25' title="bbox 730 3361 2974 3456; baseline 0 -21"><span class='ocrx_word' id='word_1_198' title='bbox 730 3362 1109 3435; x_wconf 89' lang='lat' dir='ltr'><strong>venerabilis</strong></span> <span class='ocrx_word' id='word_1_199' title='bbox 1130 3361 1516 3454; x_wconf 76' lang='lat' dir='ltr'><strong>episeopus‘</strong></span> <span class='ocrx_word' id='word_1_200' title='bbox 1544 3376 1634 3450; x_wconf 85' lang='lat' dir='ltr'><strong>ut,</strong></span> <span class='ocrx_word' id='word_1_201' title='bbox 1667 3376 2037 3436; x_wconf 84' lang='lat' dir='ltr'><strong>sanctorum</strong></span> <span class='ocrx_word' id='word_1_202' title='bbox 2069 3378 2317 3456; x_wconf 85' lang='lat' dir='ltr'><strong>patrum</strong></span> <span class='ocrx_word' id='word_1_203' title='bbox 2348 3387 2589 3436; x_wconf 89' lang='lat' dir='ltr'><strong>morem</strong></span> <span class='ocrx_word' id='word_1_204' title='bbox 2615 3368 2974 3455; x_wconf 85' lang='lat' dir='ltr'><strong>sequendo,</strong></span> 
     </span>
     <span class='ocr_line' id='line_1_26' title="bbox 733 3476 2980 3569; baseline 0 -21"><span class='ocrx_word' id='word_1_205' title='bbox 733 3492 970 3548; x_wconf 85' lang='lat' dir='ltr'><strong>nostrae</strong></span> <span class='ocrx_word' id='word_1_206' title='bbox 1051 3476 1478 3548; x_wconf 90' lang='lat' dir='ltr'><strong>immunitatis</strong></span> <span class='ocrx_word' id='word_1_207' title='bbox 1557 3477 1959 3569; x_wconf 85' lang='lat' dir='ltr'><strong>privilegium</strong></span> <span class='ocrx_word' id='word_1_208' title='bbox 2043 3477 2254 3548; x_wconf 87' lang='lat' dir='ltr'><strong>eidem</strong></span> <span class='ocrx_word' id='word_1_209' title='bbox 2341 3478 2475 3549; x_wconf 85' lang='lat' dir='ltr'><strong>fieri</strong></span> <span class='ocrx_word' id='word_1_210' title='bbox 2559 3500 2980 3550; x_wconf 88' lang='lat' dir='ltr'><strong>censeremus</strong></span> 
     </span>
     <span class='ocr_line' id='line_1_27' title="bbox 731 3588 2979 3686; baseline 0 -25"><span class='ocrx_word' id='word_1_211' title='bbox 731 3590 1050 3661; x_wconf 82' lang='lat' dir='ltr'><strong>ecclesiae.</strong></span> <span class='ocrx_word' id='word_1_212' title='bbox 1122 3593 1317 3681; x_wconf 86' lang='lat' dir='ltr'><strong>Cujus</strong></span> <span class='ocrx_word' id='word_1_213' title='bbox 1384 3588 1804 3686; x_wconf 84' lang='lat' dir='ltr'><strong>petitionibus</strong></span> <span class='ocrx_word' id='word_1_214' title='bbox 1878 3592 2109 3662; x_wconf 87' lang='lat' dir='ltr'><strong>iterum</strong></span> <span class='ocrx_word' id='word_1_215' title='bbox 2175 3591 2449 3663; x_wconf 90' lang='lat' dir='ltr'><strong>libenter</strong></span> <span class='ocrx_word' id='word_1_216' title='bbox 2487 3590 2858 3676; x_wconf 76' lang='lat' dir='ltr'><strong>annuimuS‚</strong></span> <span class='ocrx_word' id='word_1_217' title='bbox 2914 3607 2979 3663; x_wconf 92' lang='lat' dir='ltr'><strong>et</strong></span> 
     </span>
     <span class='ocr_line' id='line_1_28' title="bbox 733 3705 2981 3796; baseline 0.001 -21"><span class='ocrx_word' id='word_1_218' title='bbox 733 3719 1100 3775; x_wconf 88' lang='lat' dir='ltr'><strong>sanctorum</strong></span> <span class='ocrx_word' id='word_1_219' title='bbox 1165 3718 1412 3795; x_wconf 86' lang='lat' dir='ltr'><strong>patrum</strong></span> <span class='ocrx_word' id='word_1_220' title='bbox 1451 3719 1631 3796; x_wconf 85' lang='lat' dir='ltr'><strong>gesta</strong></span> <span class='ocrx_word' id='word_1_221' title='bbox 1664 3708 2051 3789; x_wconf 85' lang='lat' dir='ltr'><strong>roborando,</strong></span> <span class='ocrx_word' id='word_1_222' title='bbox 2095 3709 2218 3777; x_wconf 92' lang='lat' dir='ltr'><strong>hoc</strong></span> <span class='ocrx_word' id='word_1_223' title='bbox 2256 3719 2494 3776; x_wconf 83' lang='lat' dir='ltr'><strong>nostrae</strong></span> <span class='ocrx_word' id='word_1_224' title='bbox 2556 3705 2981 3777; x_wconf 90' lang='lat' dir='ltr'><strong>immunitatis</strong></span> 
     </span>
     <span class='ocr_line' id='line_1_29' title="bbox 736 3817 2980 3911; baseline 0 -23"><span class='ocrx_word' id='word_1_225' title='bbox 736 3817 1132 3910; x_wconf 79' lang='lat' dir='ltr'><strong>privilegium</strong></span> <span class='ocrx_word' id='word_1_226' title='bbox 1163 3823 1281 3888; x_wconf 89' lang='lat' dir='ltr'><strong>sub</strong></span> <span class='ocrx_word' id='word_1_227' title='bbox 1323 3818 1664 3890; x_wconf 88' lang='lat' dir='ltr'><strong>interdicto</strong></span> <span class='ocrx_word' id='word_1_228' title='bbox 1699 3818 2068 3911; x_wconf 77' lang='lat' dir='ltr'><strong>apostolicae</strong></span> <span class='ocrx_word' id='word_1_229' title='bbox 2112 3818 2597 3891; x_wconf 90' lang='lat' dir='ltr'><strong>constitutionis</strong></span> <span class='ocrx_word' id='word_1_230' title='bbox 2634 3842 2746 3911; x_wconf 88' lang='lat' dir='ltr'><strong>pro</strong></span> <span class='ocrx_word' id='word_1_231' title='bbox 2784 3818 2980 3891; x_wconf 79' lang='lat' dir='ltr'><strong>divini</strong></span> 
     </span>
     <span class='ocr_line' id='line_1_30' title="bbox 734 3932 2972 4025; baseline 0 -22"><span class='ocrx_word' id='word_1_232' title='bbox 734 3935 945 4003; x_wconf 88' lang='lat' dir='ltr'><strong>cultus</strong></span> <span class='ocrx_word' id='word_1_233' title='bbox 971 3954 1187 4004; x_wconf 85' lang='lat' dir='ltr'><strong>amore</strong></span> <span class='ocrx_word' id='word_1_234' title='bbox 1209 3947 1273 4003; x_wconf 87' lang='lat' dir='ltr'><strong>et</strong></span> <span class='ocrx_word' id='word_1_235' title='bbox 1301 3946 1541 4004; x_wconf 86' lang='lat' dir='ltr'><strong>sanctae</strong></span> <span class='ocrx_word' id='word_1_236' title='bbox 1568 3932 1902 4025; x_wconf 76' lang='lat' dir='ltr'><strong>religionis</strong></span> <span class='ocrx_word' id='word_1_237' title='bbox 1923 3933 2267 4005; x_wconf 85' lang='lat' dir='ltr'><strong>stabilitate</strong></span> <span class='ocrx_word' id='word_1_238' title='bbox 2289 3935 2370 4004; x_wconf 92' lang='lat' dir='ltr'><strong>ad</strong></span> <span class='ocrx_word' id='word_1_239' title='bbox 2394 3946 2423 3978; x_wconf 76' lang='lat'><strong>&#39;¹</strong></span> <span class='ocrx_word' id='word_1_240' title='bbox 2447 3932 2651 4025; x_wconf 84' lang='lat' dir='ltr'><strong>ipsam</strong></span> <span class='ocrx_word' id='word_1_241' title='bbox 2675 3934 2972 4005; x_wconf 87' lang='lat' dir='ltr'><strong>Sanctam</strong></span> 
     </span>
     <span class='ocr_line' id='line_1_31' title="bbox 735 4046 2976 4140; baseline 0 -23"><span class='ocrx_word' id='word_1_242' title='bbox 735 4048 968 4117; x_wconf 91' lang='lat' dir='ltr'><strong>Sedem</strong></span> <span class='ocrx_word' id='word_1_243' title='bbox 1008 4047 1140 4117; x_wconf 88' lang='lat' dir='ltr'><strong>fieri</strong></span> <span class='ocrx_word' id='word_1_244' title='bbox 1182 4046 1625 4118; x_wconf 84' lang='lat' dir='ltr'><strong>decrevimus:</strong></span> <span class='ocrx_word' id='word_1_245' title='bbox 1669 4050 1967 4140; x_wconf 86' lang='lat' dir='ltr'><strong>perquod</strong></span> <span class='ocrx_word' id='word_1_246' title='bbox 2012 4050 2420 4139; x_wconf 66' lang='lat' dir='ltr'><strong>praecipimus</strong></span> <span class='ocrx_word' id='word_1_247' title='bbox 2448 4060 2639 4138; x_wconf 90' lang='lat' dir='ltr'><strong>atque</strong></span> <span class='ocrx_word' id='word_1_248' title='bbox 2671 4049 2976 4140; x_wconf 86' lang='lat' dir='ltr'><strong>jubemus</strong></span> 
     </span>
     <span class='ocr_line' id='line_1_32' title="bbox 734 4157 2982 4250; baseline 0.001 -23"><span class='ocrx_word' id='word_1_249' title='bbox 734 4172 805 4227; x_wconf 93' lang='lat' dir='ltr'><strong>ut</strong></span> <span class='ocrx_word' id='word_1_250' title='bbox 846 4160 1059 4229; x_wconf 91' lang='lat' dir='ltr'><strong>nullus</strong></span> <span class='ocrx_word' id='word_1_251' title='bbox 1092 4160 1287 4248; x_wconf 89' lang='lat' dir='ltr'><strong>judex</strong></span> <span class='ocrx_word' id='word_1_252' title='bbox 1362 4157 1657 4250; x_wconf 86' lang='lat' dir='ltr'><strong>publicus</strong></span> <span class='ocrx_word' id='word_1_253' title='bbox 1706 4162 1800 4229; x_wconf 90' lang='lat' dir='ltr'><strong>vel</strong></span> <span class='ocrx_word' id='word_1_254' title='bbox 1845 4158 2112 4250; x_wconf 87' lang='lat' dir='ltr'><strong>quilibet</strong></span> <span class='ocrx_word' id='word_1_255' title='bbox 2161 4183 2234 4231; x_wconf 84' lang='lat' dir='ltr'><strong>ex</strong></span> <span class='ocrx_word' id='word_1_256' title='bbox 2283 4157 2616 4250; x_wconf 87' lang='lat' dir='ltr'><strong>judiciaria</strong></span> <span class='ocrx_word' id='word_1_257' title='bbox 2668 4171 2982 4250; x_wconf 90' lang='lat' dir='ltr'><strong>potestate</strong></span> 
     </span>
    </p>
   </div>
   <div class='ocr_carea' id='block_1_3' title="bbox 732 4472 2990 4708">
    <p class='ocr_par' dir='ltr' id='par_1_3' title="bbox 732 4472 2990 4708">
     <span class='ocr_line' id='line_1_33' title="bbox 797 4472 2988 4541; baseline -0.002 -11"><span class='ocrx_word' id='word_1_258' title='bbox 797 4479 946 4530; x_wconf 84' lang='lat' dir='ltr'>XIX.</span> <span class='ocrx_word' id='word_1_259' title='bbox 1001 4505 1063 4517; x_wconf 89' lang='lat'>—</span> <span class='ocrx_word' id='word_1_260' title='bbox 1105 4494 1177 4529; x_wconf 86' lang='lat' dir='ltr'><strong>m.</strong></span> <span class='ocrx_word' id='word_1_261' title='bbox 1217 4478 1271 4541; x_wconf 91' lang='lat' dir='ltr'><strong>S)</strong></span> <span class='ocrx_word' id='word_1_262' title='bbox 1324 4477 1591 4530; x_wconf 83' lang='lat' dir='ltr'><strong>Belsiac0.</strong></span> <span class='ocrx_word' id='word_1_263' title='bbox 1633 4505 1697 4517; x_wconf 90' lang='lat'>—</span> <span class='ocrx_word' id='word_1_264' title='bbox 1746 4492 1803 4530; x_wconf 83' lang='lat' dir='ltr'><strong>n.</strong></span> <span class='ocrx_word' id='word_1_265' title='bbox 1845 4477 1904 4539; x_wconf 87' lang='lat' dir='ltr'><strong>S)</strong></span> <span class='ocrx_word' id='word_1_266' title='bbox 1947 4477 2139 4529; x_wconf 83' lang='lat' dir='ltr'><strong>Cintis.</strong></span> <span class='ocrx_word' id='word_1_267' title='bbox 2178 4503 2242 4515; x_wconf 94' lang='lat'><strong>—</strong></span> <span class='ocrx_word' id='word_1_268' title='bbox 2283 4493 2333 4528; x_wconf 90' lang='grc' dir='ltr'><strong>ο.</strong></span> <span class='ocrx_word' id='word_1_269' title='bbox 2382 4477 2440 4540; x_wconf 86' lang='lat' dir='ltr'><strong>S)</strong></span> <span class='ocrx_word' id='word_1_270' title='bbox 2483 4472 2878 4527; x_wconf 77' lang='lat' dir='ltr'><strong>authoritatem.</strong></span> <span class='ocrx_word' id='word_1_271' title='bbox 2925 4498 2988 4513; x_wconf 85' lang='lat'>—</span> 
     </span>
     <span class='ocr_line' id='line_1_34' title="bbox 732 4555 2990 4625; baseline -0.004 -14"><span class='ocrx_word' id='word_1_272' title='bbox 732 4574 784 4625; x_wconf 83' lang='grc' dir='ltr'><strong>ρ.</strong></span> <span class='ocrx_word' id='word_1_273' title='bbox 816 4561 872 4621; x_wconf 89' lang='lat' dir='ltr'><strong>S)</strong></span> <span class='ocrx_word' id='word_1_274' title='bbox 901 4560 1146 4611; x_wconf 80' lang='lat' dir='ltr'><strong>authore.</strong></span> <span class='ocrx_word' id='word_1_275' title='bbox 1188 4584 1249 4598; x_wconf 95' lang='lat'>—</span> <span class='ocrx_word' id='word_1_276' title='bbox 1275 4574 1327 4625; x_wconf 87' lang='lat' dir='ltr'><strong>q.</strong></span> <span class='ocrx_word' id='word_1_277' title='bbox 1362 4560 1421 4618; x_wconf 86' lang='lat' dir='ltr'><strong>B)</strong></span> <span class='ocrx_word' id='word_1_278' title='bbox 1452 4560 1625 4610; x_wconf 73' lang='lat' dir='ltr'><strong>deest.</strong></span> <span class='ocrx_word' id='word_1_279' title='bbox 1655 4586 1719 4598; x_wconf 93' lang='lat'><strong>—</strong></span> <span class='ocrx_word' id='word_1_280' title='bbox 1748 4574 1797 4609; x_wconf 85' lang='lat' dir='ltr'><strong>r.</strong></span> <span class='ocrx_word' id='word_1_281' title='bbox 1823 4558 1884 4623; x_wconf 88' lang='lat' dir='ltr'><strong>B)</strong></span> <span class='ocrx_word' id='word_1_282' title='bbox 1911 4558 2241 4614; x_wconf 74' lang='lat' dir='ltr'><strong>defensione.</strong></span> <span class='ocrx_word' id='word_1_283' title='bbox 2278 4582 2339 4596; x_wconf 96' lang='lat'>—</span> <span class='ocrx_word' id='word_1_284' title='bbox 2380 4572 2425 4609; x_wconf 74' lang='grc' dir='ltr'><strong>ε.</strong></span> <span class='ocrx_word' id='word_1_285' title='bbox 2451 4557 2510 4615; x_wconf 83' lang='lat' dir='ltr'><strong>S)</strong></span> <span class='ocrx_word' id='word_1_286' title='bbox 2543 4555 2892 4611; x_wconf 81' lang='lat' dir='ltr'><strong>authoritate.</strong></span> <span class='ocrx_word' id='word_1_287' title='bbox 2923 4579 2990 4601; x_wconf 66' lang='grc' dir='ltr'><strong>-ι</strong></span> 
     </span>
     <span class='ocr_line' id='line_1_35' title="bbox 738 4639 1522 4708; baseline -0.001 -17"><span class='ocrx_word' id='word_1_288' title='bbox 738 4648 787 4697; x_wconf 74' lang='grc' dir='ltr'><strong>ε.</strong></span> <span class='ocrx_word' id='word_1_289' title='bbox 814 4641 875 4707; x_wconf 91' lang='grc' dir='ltr'><strong>Β)</strong></span> <span class='ocrx_word' id='word_1_290' title='bbox 900 4640 1126 4708; x_wconf 80' lang='lat' dir='ltr'><strong>praesul.</strong></span> <span class='ocrx_word' id='word_1_291' title='bbox 1150 4666 1214 4680; x_wconf 94' lang='lat'><strong>—</strong></span> <span class='ocrx_word' id='word_1_292' title='bbox 1245 4655 1301 4693; x_wconf 83' lang='lat' dir='ltr'><strong>u.</strong></span> <span class='ocrx_word' id='word_1_293' title='bbox 1330 4639 1398 4704; x_wconf 87' lang='lat' dir='ltr'><strong>B)</strong></span> <span class='ocrx_word' id='word_1_294' title='bbox 1419 4640 1522 4697; x_wconf 75' lang='lat' dir='ltr'><strong>vel,</strong></span> 
     </span>
    </p>
   </div>
   <div class='ocr_carea' id='block_1_4' title="bbox 3403 719 3411 1841">
    <p class='ocr_par' dir='ltr' id='par_1_4' title="bbox 3403 719 3411 1841">
     <span class='ocr_line' id='line_1_36' title="bbox 3403 719 3411 1841; baseline 0 0"><span class='ocrx_word' id='word_1_295' title='bbox 3403 719 3411 1841; x_wconf 95' lang='lat' dir='ltr'><strong> </strong></span> 
     </span>
    </p>
   </div>
  </div>
 </body>
</html>
