3485 5571
1813 618 2149 681 -240-

847 728 1199 817 memorato
1253 744 1605 836 requisitus
1684 748 1920 831 suerat,
1984 744 2233 816 ballivis
2288 745 2531 817 domini
2589 745 2761 838 regis
2850 747 3114 821 scilicet

846 857 1161 931 Guilelmo
1201 856 1455 931 Manerii
1494 871 1559 929 et
1598 856 1912 931 Guilelmo
1947 861 2027 930 de
2067 861 2323 951 Capella
2380 860 2815 950 presentibus,
2883 885 3112 934 emen·

846 976 993 1044 dam
1024 995 1138 1065 pro
1175 971 1517 1045 interdicto
1558 971 1748 1043 nobis
1787 974 1856 1042 in
1895 971 2175 1064 capitulo
2203 987 2425 1044 nostro
2485 974 2757 1059 faciens,
2814 975 3111 1068 fideijus-

846 1110 1028 1159 sores
1070 1110 1275 1179 usque
1341 1088 1421 1158 ad
1478 1086 1898 1179 quadraginta
1942 1086 2136 1159 libras
2195 1087 2583 1179 interposuit
2631 1112 2747 1180 pro
2800 1093 3108 1162 emenda.

844 1205 972 1272 Nos
1012 1199 1228 1293 igitur,
1262 1204 1344 1272 ob
1383 1204 1695 1272 honorem
1735 1215 1800 1272 et
1862 1200 2139 1293 graciam
2196 1200 2368 1293 regie
2425 1204 2801 1294 majestatis,
2857 1206 3113 1296 prefato

845 1329 1152 1405 quantum
1198 1313 1523 1408 potuimus
1562 1313 1930 1406 peperimus
1987 1314 2321 1399 Reinaldo,
2356 1314 2579 1407 viginti
2622 1317 2814 1388 libras
2867 1340 2904 1387 a
2971 1339 3114 1408 pre-

848 1439 1066 1498 notata
1105 1429 1378 1498 emenda
1413 1428 1768 1519 capientes,
1809 1430 1889 1498 de
1944 1427 2182 1518 quibus
2231 1451 2266 1499 a
2329 1428 2516 1499 nobis
2576 1441 2675 1500 est
2738 1428 3111 1500 ordinatum

849 1554 1038 1632 prout
1075 1544 1154 1613 ad
1206 1547 1518 1614 honorem
1558 1546 1791 1613 Sancte
1840 1541 2064 1614 Crucis
2125 1544 2403 1615 ecclesie
2452 1542 2849 1615 credidimus
2911 1566 3112 1635 expe-

851 1657 1056 1729 dire¹.

1881 1924 2051 1985 CLVI

1897 2174 2053 2236 1212

853 2402 931 2458 Le
959 2402 1208 2473 chapitre
1236 2400 1307 2457 de
1335 2402 1542 2457 Nevers
1568 2401 1668 2457 fait
1698 2401 1810 2457 don
1839 2418 1913 2458 au
1942 2402 2190 2474 chapitre
2227 2401 2298 2457 de
2327 2402 2708 2458 sainte-croix
2736 2402 2906 2459 d'une
2953 2404 3111 2475 place

925 2498 1105 2554 situee
1140 2498 1388 2554 derriere
1417 2499 1471 2553 la
1500 2499 1715 2554 maison
1747 2499 1817 2554 de
1851 2497 2232 2555 sainte-Croix
2256 2499 2289 2553 a
2324 2498 2557 2569 Nevers,
2609 2505 2950 2572 moyennant
3001 2514 3111 2555 une

924 2595 1158 2666 pension
1181 2594 1444 2650 annuelle
1475 2593 1543 2651 de
1570 2596 1606 2651 3
1641 2611 1776 2650 sous
1806 2595 2106 2651 nivernais.

1459 2742 1636 2813 (Orig.
1694 2743 1864 2800 Arcb.
1895 2744 1972 2799 du
2003 2741 2209 2814 Loiret,
2252 2743 2318 2801 G.
2349 2741 2500 2830 268).

944 2937 1073 3025 Ego
1116 2938 1189 3005 H.
1233 2937 1517 3005 decanus
1563 2947 1628 3004 et
1683 2935 2051 3006 universum
2078 2936 2428 3028 capitulum
2457 2932 2849 3006 Nivernense
2876 2949 3101 3006 notum

856 3049 1124 3121 facimus
1164 3047 1573 3140 presentibus
1612 3063 1676 3120 et
1715 3048 1944 3120 suturis
1969 3073 2115 3132 noa,
2149 3052 2227 3121 ad
2260 3072 2486 3141 preces
2516 3048 2795 3121 virorum
2837 3071 3102 3121 venera-

857 3163 1078 3234 bilium
1110 3162 1408 3234 Fulconis
1446 3162 1671 3234 decani
1704 3176 1770 3235 et
1803 3167 1957 3248 Ade‚
1994 3162 2424 3235 archidiaconi
2456 3162 3094 3256 Aurelianens[ium],

855 3301 1066 3350 aream
1106 3280 1449 3369 quandam,
1493 3276 1711 3348 domui
1755 3282 1989 3349 Sancte
2030 3280 2253 3349 Crucis
2292 3277 2414 3350 site
2471 3275 2760 3349 Nivernis
2824 3300 2860 3348 a
2926 3289 3097 3370 parte

853 3391 1190 3485 posteriori
1222 3391 1614 3483 contiguam,
1650 3395 1729 3462 ab
1771 3394 1840 3464 E.
1870 3390 2135 3463 muliere
2160 3394 2225 3462 in
2263 3405 2638 3484 perpetuam
2677 3394 3095 3488 elemosinam

855 3521 1075 3577 nostre
1113 3508 1405 3577 collatam
1451 3504 1755 3590 ecclesie,
1798 3509 1919 3577 sub
1961 3509 2153 3577 trium
2185 3505 2536 3577 solidorum
2579 3517 2838 3576 monete
2886 3504 3098 3577 Niver-

856 3621 1319 3714 nensislannua
1355 3623 1674 3710 pensione
1705 3620 1915 3710 vigilia
1949 3618 2364 3692 Ascensionis
2405 3619 2726 3691 dominice
2755 3618 2945 3691 annis
2979 3621 3097 3690 sol-

859 3736 1207 3806 vendorum
1237 3732 1511 3825 singulis
1549 3745 1612 3806 et
1649 3733 1713 3804 in
1755 3734 1925 3806 dicte
1956 3734 2244 3806 mulieris
2283 3733 2876 3805 distribuendorum
2915 3756 3089 3804 anm-

857 3850 1165 3932 versario‚
1207 3847 1644 3919 Aurelianensi
1675 3847 1954 3940 capitulo
1996 3850 2261 3940 pacifice
2290 3847 2741 3941 possidendam
2784 3845 2850 3918 in
2884 3845 3098 3939 perpe·

856 3974 1036 4032 tuum
1067 3962 1499 4032 concessisse.
1539 3963 1607 4030 ln
1648 3963 1839 4053 cujus
1876 3959 1965 4032 rei
2007 3962 2448 4033 testimonium
2490 3973 2825 4052 presentes
2861 3958 3094 4031 litteras

858 4074 1048 4166 sigilli
1088 4074 1288 4145 nostri
1330 4088 1652 4147 caractere
1685 4077 1959 4148 fecimus
1998 4078 2389 4149 confirmari.
2433 4082 2658 4148 Actum
2700 4096 2872 4146 anno
2898 4075 3096 4146 incar·

859 4188 1141 4261 nationis
1171 4189 1492 4261 dominice
1532 4189 1877 4262 millesimo
1917 4189 2363 4263 ducentesimo
2403 4190 2814 4263 duodecimo.

932 4459 947 4492 ¹
979 4457 1125 4514 Note
1154 4458 1223 4513 de
1251 4458 1387 4512 dom
1418 4456 1636 4512 Ger-ou:
1673 4479 1700 4509 κ
1737 4458 1824 4513 On
1853 4464 1986 4529 peut
2016 4473 2348 4528 remarquer
2374 4474 2486 4529 que
2519 4459 2569 4512 le
2606 4458 2785 4530 doyen
2814 4463 2868 4514 et
2899 4460 2951 4514 le
2981 4458 3094 4513 cha·

861 4547 1005 4620 pitre
1033 4548 1105 4603 de
1133 4547 1342 4618 l'eglise
1372 4547 1668 4602 d'Orleans
1698 4546 1924 4602 lancent
1953 4564 2030 4602 un
2068 4547 2297 4602 interdit
2320 4547 2397 4603 du
2426 4549 2480 4602 vi
2492 4553 2614 4603 rant
2639 4547 2711 4604 de
2737 4548 3008 4620 l’e'veque,
3033 4544 3094 4600 de

863 4637 1140 4695 l'autorite
1169 4637 1381 4709 duquel
1404 4636 1473 4692 ils
1509 4653 1583 4692 ne
1604 4637 1723 4692 sont
1752 4653 1969 4693 aucune
1998 4637 2270 4704 mention,
2293 4637 2469 4709 coqui
2498 4637 2676 4709 parcit
2696 4641 3093 4711 surprenant.»
