3485 5571
1327 689 1399 702 -
1450 651 1565 716 175
1609 691 1678 699 —

365 789 727 863 ManasseS,
782 781 895 852 Dei
945 781 1140 870 gratia
1208 780 1683 852 Aurelianensis
1755 779 2132 871 episcopuS,
2207 795 2429 850 notum
2496 781 2630 850 lieri

367 902 677 969 volumus
729 895 1030 967 omnibus
1096 893 1505 986 presentibus
1570 909 1633 964 et
1697 892 1923 964 suturis
1983 897 2151 983 quod
2195 892 2629 965 controversia

366 1033 499 1100 que
542 1009 709 1081 inter
746 1032 866 1080 nos
905 1024 967 1079 et
998 1008 1345 1099 capitulum
1406 1021 1692 1078 nostrum
1758 1022 1820 1077 et
1879 1010 2246 1080 Malbertum
2313 1010 2627 1079 decanum

369 1129 436 1193 S.
486 1123 918 1194 Bartholomei
956 1125 1035 1194 de
1077 1121 1399 1192 Firmitate
1440 1121 1691 1201 Avreni,
1734 1144 1924 1213 quam
1966 1120 2245 1212 capitulo
2305 1126 2369 1192 S.
2407 1124 2629 1192 Crucis

366 1240 791 1321 dederamuS,
829 1235 1069 1306 diutius
1109 1236 1342 1327 agitata
1380 1239 1584 1307 luerat
1637 1234 1698 1304 in
1757 1238 1927 1306 hunc
1981 1238 2244 1305 modum
2304 1235 2629 1305 amicabili

366 1350 846 1442 compositione
870 1352 984 1421 fuit
1023 1351 1385 1421 terminata.
1410 1354 1539 1421 Nos
1565 1348 1824 1440 quidem
1853 1363 1915 1419 et
1947 1351 2298 1440 capitulum
2330 1364 2626 1420 nostrum

367 1466 698 1537 voluimus
736 1482 800 1537 et
840 1463 1254 1557 promisimus
1312 1480 1381 1535 ut
1442 1465 1714 1536 ecclesia
1779 1467 1859 1535 de
1923 1463 2258 1535 Firmitate
2298 1466 2525 1536 Avreni
2565 1480 2629 1535 et

369 1583 746 1661 malbertus,
790 1583 1079 1671 ejusdem
1117 1578 1394 1674 ecclesie
1434 1582 1742 1661 decanus»,
1805 1579 1868 1656 iu
1928 1577 2192 1668 pristina
2235 1578 2528 1650 libertate
2565 1594 2631 1649 et

372 1708 579 1778 statu,
623 1698 742 1765 sub
772 1693 995 1765 ordine
1036 1693 1331 1765 videlicet
1361 1695 1821 1763 monachorum
1863 1692 1968 1782 qui
2025 1695 2272 1763 ibidem
2315 1696 2629 1764 hactenus

370 1809 673 1878 extitisse
733 1806 1157 1899 dignoscitur,
1235 1805 1573 1878 consistat.
1657 1805 1994 1877 Predictus
2074 1829 2221 1878 vero
2291 1809 2630 1876 Malbertus

374 1925 665 1993 decanus
696 1936 758 1993 et
799 1921 1095 1994 canonici
1138 1924 1216 1992 de
1245 1921 1526 2011 predicta
1571 1919 1895 1991 Firmitate
1949 1919 2010 1989 in
2050 1919 2372 2011 presentia
2411 1934 2627 1992 nostra

375 2050 439 2107 et
479 2035 741 2126 capituli
783 2035 1370 2126 nostrijuramento
1410 2037 1832 2126 corporaliter
1871 2034 2138 2126 prestito
2205 2034 2620 2105 firmaverunt

374 2151 547 2239 quod
587 2152 877 2239 ejusdem
913 2147 1191 2220 ecclesie
1222 2152 1301 2218 de
1338 2149 1661 2219 Firmitate
1703 2162 1938 2218 statum
1992 2171 2106 2239 per
2168 2148 2356 2218 aliam
2401 2148 2629 2217 immu-

374 2262 487 2334 tari
526 2263 930 2354 religionem,
968 2265 1062 2334 vel
1103 2263 1304 2354 ipsam
1338 2263 1676 2336 ecclesiam
1719 2286 1978 2354 quoquo
2012 2264 2202 2334 modo
2235 2266 2314 2333 ab
2345 2262 2619 2340 ecclesia

375 2377 827 2448 Aurelianensi
871 2379 1115 2467 absque
1176 2400 1499 2450 consensu
1540 2392 1605 2449 et
1655 2377 2040 2454 authoritate
2080 2392 2297 2454 nostra
2339 2389 2403 2452 et
2456 2376 2628 2467 capi-

380 2490 488 2562 tuli
526 2489 730 2561 nostri
773 2494 1140 2562 nullatenus
1175 2490 1585 2566 consentient
1642 2504 1752 2566 aut
1805 2505 2115 2581 quantum
2174 2490 2239 2566 in
2280 2489 2374 2562 eis
2443 2490 2631 2566 tuerit

379 2605 747 2693 patientur;
785 2603 848 2674 hi
892 2628 1081 2696 porro
1107 2604 1478 2696 quicunque
1516 2604 1810 2682 canonici
1849 2604 1912 2682 in
1954 2607 2180 2682 eadem
2221 2604 2493 2680 ecclesia
2521 2606 2630 2675 de-

387 2717 709 2791 Firmitate
744 2720 825 2791 de
866 2742 1031 2791 novo
1062 2718 1496 2807 instituentur,
1533 2721 1829 2810 eiusdem
1867 2721 2065 2797 forme
2097 2721 2530 2810 Juramentum
2562 2717 2625 2788 in

385 2833 663 2922 capitulo
704 2836 936 2903 Sancte
976 2835 1196 2907 Crucis
1239 2832 1398 2905 intra
1436 2832 1809 2924 quindecim
1851 2832 1990 2909 dies
2015 2856 2050 2903 a
2079 2855 2194 2905 sua
2230 2829 2633 2903 institutione

382 2948 781 3033 presumunt,
823 2949 994 3034 quod
1038 2944 1090 3016 si
1132 2949 1342 3023 tacere
1381 2943 1893 3036 contempserint
1931 2967 2140 3034 neque
2170 2943 2446 3015 ecclesia
2487 2967 2633 3019 nos·

385 3070 469 3127 tra
528 3081 741 3150 neque
780 3058 1056 3135 ecclesia
1097 3061 1175 3129 de
1212 3058 1537 3131 Firmitate
1574 3082 1689 3135 eos
1715 3075 2015 3149 tanquam
2050 3062 2276 3133 tratres
2302 3060 2399 3128 vel
2440 3080 2634 3137 cano-

382 3170 558 3247 nicos
601 3175 807 3249 donec
840 3172 1193 3263 juraverint
1230 3171 1514 3251 habebit.
1561 3172 1623 3243 Si
1664 3172 1808 3263 quis
1848 3173 2005 3243 inira
2029 3196 2237 3255 annos
2277 3171 2632 3263 pubertatis

384 3286 586 3356 factus
662 3289 851 3358 fuerit
904 3288 1279 3371 canonicus,
1325 3286 1485 3357 infra
1525 3286 2005 3378 quindecimum
2065 3310 2304 3357 annum
2347 3285 2629 3377 predicta

385 3400 767 3472 necessitate
829 3400 1082 3491 jurandi
1144 3402 1489 3471 tenebitur.
1554 3403 1773 3472 Adhoc
1820 3399 2097 3472 ecclesia
2163 3404 2241 3471 de
2309 3398 2631 3470 Firmitate

384 3512 607 3585 Avreni
650 3527 874 3585 nostro
914 3514 1240 3585 concessit
1282 3529 1345 3585 et
1403 3515 1579 3587 dedit
1617 3514 1896 3606 capitulo
1949 3512 2249 3605 quicquid
2310 3514 2474 3605 juris
2541 3515 2629 3583 vel

389 3626 699 3697 redituum
743 3626 805 3696 in
875 3628 1145 3698 ecclesia
1200 3631 1279 3699 de
1318 3627 1494 3699 Naim
1539 3631 1811 3699 habebat
1867 3630 1971 3699 vel
2015 3642 2149 3699 erat
2189 3628 2505 3698 habitura.
2557 3631 2634 3698 Ut

387 3754 594 3812 autem
663 3745 784 3812 hoc
852 3757 1160 3833 perpetue
1194 3741 1560 3814 stabilitatis
1625 3742 1946 3813 obtineret
2002 3742 2509 3823 munimentum,¹
2554 3743 2632 3811 ad

390 3858 830 3926 removendam
864 3856 1053 3927 etiam
1097 3879 1356 3927 omnem
1398 3879 1600 3948 super
1630 3860 1750 3927 hac
1790 3854 2260 3946 compositione
2311 3854 2373 3925 in
2409 3868 2623 3947 poste—

390 3989 518 4038 rum
546 3969 962 4052 calumniam,
990 3972 1069 4040 ad
1106 3969 1476 4062 petitionem
1509 3984 1571 4042 et
1600 3973 1990 4041 voluntatem
2030 3984 2097 4041 et
2130 3969 2329 4043 nostri
2371 3971 2630 4062 capituli

394 4093 452 4148 et
487 4081 945 4154 canonicorum
988 4087 1067 4154 de
1134 4084 1457 4154 Firmitate
1517 4084 1740 4154 Avreni
1792 4097 1857 4156 et
1914 4082 2219 4167 Malberti,
2262 4107 2486 4156 eorum
2526 4087 2633 4155 de-

394 4195 548 4279 cani,
590 4199 804 4269 eidem
865 4196 1139 4268 ecclesie
1203 4211 1268 4268 et
1344 4196 1681 4271 canonicis
1745 4200 1826 4273 de
1883 4196 2208 4273 Firmitate
2262 4212 2629 4290 presentem

398 4302 537 4379 inde
582 4309 964 4381 donavimus
1032 4314 1317 4381 cartham
1362 4311 1551 4402 sigilli
1597 4310 1797 4382 nostri
1839 4311 2223 4382 authoritate
2271 4311 2632 4383 communi-

401 4432 535 4493 tam.
609 4429 835 4497 Actum
909 4424 1161 4512 publice
1237 4423 1619 4509 Aurelianis,
1694 4423 1759 4495 in
1803 4426 2100 4501 domibus
2161 4426 2425 4508 nostris,
2461 4447 2630 4503 anno

402 4533 693 4609 incarnati
727 4537 915 4610 Verbi
958 4542 1349 4621 MCLXXVH,
1400 4539 1756 4629 indictione
1796 4544 1872 4621 X,
1914 4539 1978 4609 in
2027 4540 2349 4631 presentia
2388 4537 2630 4617 domini

402 4658 458 4712 et
490 4647 681 4736 patris
711 4652 914 4735 nostri
944 4649 1267 4735 widonis,
1294 4650 1677 4733 venerabilis
1709 4650 2107 4731 Senonensis
2132 4649 2626 4742 archiepiscopi,
