3485 5571
1342 670 1702 736 ...201-

1402 1057 1409 1066 ,
1429 976 1611 1036 cxlx

1440 1250 1596 1317 1197

236 1450 242 1456 ⁵
362 1487 753 1560 Assignation
781 1503 854 1544 au
879 1488 1126 1560 chapitre
1155 1487 1254 1544 des
1283 1488 1529 1543 maisons
1558 1493 1614 1542 et
1636 1488 1737 1543 des
1765 1486 1957 1557 vignes
1986 1486 2055 1541 de
2086 1485 2382 1542 Bouchard
2409 1486 2487 1542 du
2511 1485 2651 1541 Pui-

923 1591 1007 1643 set
1037 1602 1182 1658 pour
1208 1586 1488 1657 paiement
1516 1586 1587 1641 de
1611 1592 1739 1642 cent
1771 1601 1956 1640 maros
1984 1585 2113 1640 dus.

679 1732 854 1804 (Orig.
886 1733 1061 1789 Arch.
1094 1732 1171 1788 du
1198 1733 1404 1802 Loiret,
1436 1732 1502 1788 G.
1535 1731 1682 1804 3773
1724 1731 1981 1789 mention
2010 1730 2362 1805 Scriptum).

471 1950 710 2042 O[do]‚
740 1947 856 2019 Dei
903 1946 1102 2039 gratia
1152 1945 1533 2018 parisiensis
1582 1945 1959 2039 episcopus,
2004 1944 2309 2018 omnibus
2352 1950 2430 2019 ad
2488 1970 2651 2039 quos
2730 1953 2736 1960 ’

376 2085 667 2156 presens
687 2061 996 2153 scriptum
1026 2062 1413 2153 pervenerit,
1452 2063 1726 2132 salutem
1749 2060 1814 2131 in
1842 2059 2142 2133 Domino.
2193 2065 2351 2133 Cum
2378 2060 2650 2134 dilectus

375 2177 443 2247 in
475 2175 739 2248 Christo
774 2177 1160 2269 B[ucardus]
1189 2177 1268 2247 de
1295 2179 1596 2259 Puteaco‚
1616 2174 2141 2267 consanguineus
2167 2189 2411 2260 noster,
2442 2199 2650 2268 quon-

378 2295 536 2365 dam
577 2291 1073 2364 archidiaconus
1114 2297 1346 2363 Sancte
1411 2292 1633 2362 Crucis
1673 2291 2180 2377 Aurelianensis,
2232 2293 2299 2363 in
2350 2291 2650 2365 extremis

379 2430 618 2499 agens,
645 2430 764 2478 nos
802 2420 866 2478 et
893 2409 1231 2479 Radulium
1266 2410 1514 2478 Harenc
1553 2418 1836 2478 extreme
1865 2407 2211 2478 voluntatis
2242 2429 2358 2479 sue
2412 2429 2650 2479 execu-

382 2536 567 2594 tores
590 2521 1065 2606 constituisset,
1102 2520 1272 2593 sicut
1304 2544 1381 2593 ex
1419 2522 1680 2613 publico
1719 2519 2150 2592 instrumento
2190 2519 2395 2614 ipsius
2434 2523 2649 2592 mani-

384 2635 624 2708 {estius
661 2638 1033 2728 apparebat,
1088 2648 1154 2707 et
1218 2637 1432 2707 dictus
1499 2637 1867 2731 R[adullus]
1910 2636 2145 2707 domos
2224 2634 2289 2705 in
2364 2637 2646 2708 claustro

387 2748 835 2823 Aurelianensi
884 2747 1041 2822 sitas
1080 2764 1143 2823 et
1182 2763 1457 2842 quatuor
1502 2763 1768 2843 arpenta
1835 2748 2162 2822 vinearum
2209 2751 2379 2843 apud
2441 2749 2648 2823 Vilers

391 2863 547 2950 sita,
582 2886 708 2955 que
738 2866 1064 2936 Bucardus
1102 2876 1394 2936 tenuerat
1431 2862 1635 2936 relicti
1666 2865 2358 2958 titulo,[reolamaret]‚
2392 2877 2652 2958 propter

390 2981 519 3050 boc
549 3001 676 3049 una
741 3000 889 3050 cum
941 2978 1287 3050 venerabili
1353 2977 1616 3050 domino
1653 3001 1731 3050 ac
1767 2992 1942 3071 patre
1981 2992 2204 3050 nostro
2267 2978 2651 3050 Bituricensi

391 3090 889 3185 archiepiscopo
922 3093 1003 3163 ad
1038 3090 1378 3165 ecclesiam
1414 3092 1939 3164 Aurelianensem
1992 3092 2412 3165 accessimus.
2454 3094 2651 3184 Cujus

393 3229 544 3278 cum
594 3206 1021 3278 intrassemus
1081 3206 1430 3299 capitulum
1464 3221 1530 3279 et
1590 3211 1664 3279 R.
1720 3212 1962 3280 Harens
2010 3207 2436 3280 intentionem
2467 3230 2649 3279 suam

395 3318 567 3392 sicut
605 3318 992 3410 premissum
1047 3332 1147 3392 est
1187 3322 1610 3408 fundavisset,
1673 3320 1965 3394 canonici
2006 3323 2479 3413 responderunt
2528 3343 2650 3392 nos

394 3449 459 3507 et
484 3439 561 3508 R.
588 3438 861 3518 Harenc,
891 3432 1059 3506 sicut
1088 3433 1453 3507 testationis
1481 3434 1693 3508 littere
1733 3440 2201 3529 proponebant,
2235 3438 2315 3508 ad
2348 3439 2471 3508 hoc
2499 3457 2648 3508 exe-

395 3562 660 3622 cutores
701 3547 946 3639 positos
974 3548 1370 3635 testamenti,
1397 3560 1466 3619 ut
1500 3549 1629 3642 ipsi
1677 3554 1751 3622 B.
1810 3551 2022 3623 debita
2065 3563 2282 3643 petere
2331 3564 2397 3623 et
2446 3552 2526 3620 ab
2572 3571 2650 3621 eo

399 3663 616 3735 debita
648 3666 895 3735 solvere
933 3666 1340 3746 deberemus,
1398 3677 1463 3735 et
1500 3667 1583 3735 ob
1632 3668 1758 3737 hoc
1794 3669 1891 3737 XL
1945 3664 2139 3737 libras
2177 3679 2440 3739 monete
2479 3663 2653 3737 Pari-

398 3777 638 3850 siensis
682 3801 719 3849 a
770 3776 959 3849 nobis
997 3776 1341 3850 instantius
1399 3782 1773 3869 repetebant
1825 3803 1986 3871 quas
2052 3783 2415 3872 sepelactus
2453 3784 2525 3851 B.
2571 3783 2653 3854 de

402 3894 579 3964 firma
620 3891 871 3981 Maziaci
933 3896 1165 3965 Sancte
1206 3894 1431 3965 Crucis
1470 3892 1775 3986 capitulo,
1821 3896 2200 3987 interposita
2234 3896 2652 3988 jurisjurandi

402 4008 736 4100 religione,
770 4011 1017 4080 solvere
1052 4011 1413 4094 tenebatur,
1461 4006 1627 4079 sicut
1681 4007 1745 4079 in
1791 4012 1932 4101 ejus
1960 4013 2285 4083 autentico
2316 4035 2652 4103 compare-

404 4125 530 4196 bat.
574 4126 963 4196 Asserebant
1002 4126 1193 4194 etiam
1225 4146 1296 4195 se
1355 4127 1621 4195 Radulto
1665 4127 1902 4197 debere
1929 4128 2221 4219 preferri,
2262 4127 2437 4220 quia,
2479 4127 2653 4199 sicut

406 4250 675 4311 cavetur.
698 4241 765 4308 in
799 4241 970 4330 jure,
1023 4239 1376 4310 creditores
1441 4238 1768 4329 legatariis
1825 4243 2259 4332 preferuntur,
2335 4244 2651 4314 addentes

406 4356 574 4443 quod
633 4352 1020 4425 venerabilis
1098 4351 1622 4444 consanguineus
1695 4369 1917 4426 noster
1993 4357 2262 4449 H[ugo],
2323 4359 2652 4448 quondam

409 4464 858 4541 Dunelmensis
935 4466 1304 4559 episcopus,
1383 4489 1497 4558 per
1563 4471 1839 4541 eandem
1897 4469 2242 4541 ecclesiam
2311 4469 2650 4542 transitum

413 4585 674 4665 taciens,
716 4603 811 4653 ets
848 4583 926 4652 ad
968 4583 1202 4652 festum
1243 4578 1407 4651 beati
1474 4582 1730 4653 Cuberti
1781 4581 2250 4674 imperpetuum
2291 4584 2652 4658 honorifice

413 4697 861 4768 celebrandum
897 4701 964 4766 et
1000 4696 1078 4765 ad
1098 4716 1286 4765 suum
1312 4693 1816 4767 anniversarium
1859 4695 2221 4769 laciendum
2251 4700 2455 4770 LXXX
2485 4721 2653 4771 mar-
