3485 5571
1670 709 2030 778 -146—

1741 1117 1954 1177 Lxxv

1764 1416 1922 1478 1155

731 1665 1114 1736 Composition
1144 1672 1300 1720 entre
1332 1667 1384 1720 le
1413 1665 2066 1738 chapitreetHerhertLe
2081 1668 2397 1740 Vallet,par
2415 1671 2656 1740 laquelle
2671 1687 2734 1725 ce
2750 1671 2980 1728 dernier

782 1761 1113 1817 abandonne
1158 1778 1230 1817 au
1275 1762 1543 1834 chapitre,
1594 1779 1735 1833 pour
1779 1780 1810 1833 y
1845 1763 1992 1818 batir
2040 1779 2149 1818 une
2193 1764 2340 1831 villa,
2386 1783 2476 1820 ses
2523 1766 2696 1822 droits
2733 1785 2834 1822 sur
2863 1784 2979 1823 une

782 1860 961 1929 partie
1001 1858 1068 1913 de
1099 1858 1245 1913 roret
1271 1855 1448 1914 situee
1477 1863 1634 1913 entre
1667 1859 1718 1913 le
1745 1860 1873 1913 Bois
1900 1857 2111 1930 Herpin
2139 1867 2193 1915 et
2211 1860 2478 1928 Puiselet,
2503 1868 2558 1917 et
2580 1880 2682 1917 son
2714 1863 2981 1934 oubliage

782 1972 883 2009 sur
910 1956 1142 2026 Ormoy,
1176 1974 1202 2010 α
1235 1958 1556 2011 Musnetum
1586 1977 1609 2006 ι
1646 1962 1701 2011 et
1732 1956 2027 2020 Ezerville‚
2056 1965 2394 2028 moyennant
2425 1959 2499 2013 ⁴0
2525 1976 2656 2014 sous
2690 1960 2761 2014 de
2789 1967 2978 2017 rente.

1174 2125 1351 2197 (Orig.
1383 2142 1483 2180 sur
1514 2127 1863 2198 parchemin.
1890 2128 2062 2183 Arcb.
2095 2115 2171 2183 du
2197 2127 2382 2184 Loiret
2413 2130 2506 2197 G.)

1621 2365 2050 2410 CIROGRAPHUM

818 2575 1254 2644 Pulcher-rime
1295 2571 1783 2645 consuetudinis
1815 2599 1971 2646 usus
2008 2577 2177 2668 apud
2219 2599 2338 2646 uos
2375 2575 2636 2647 inolevit
2689 2591 2757 2647 ut
2822 2600 2978 2669 pac·

733 2685 945 2758 tiones
983 2712 1141 2780 quas
1178 2710 1324 2758 cum
1366 2686 1683 2779 aliquibus
1724 2691 1999 2760 facimus
2049 2689 2289 2780 scripto
2329 2705 2394 2761 et
2433 2691 2741 2761 memorie
2790 2714 2976 2762 com-

721 2802 1130 2888 mendemus,
1168 2800 1467 2892 quatinus
1506 2804 1675 2893 quod
1714 2801 1917 2893 fragili
1962 2801 2170 2894 perire
2202 2818 2449 2897 poterat
2500 2803 2562 2874 in
2623 2806 2966 2886 memoria,

711 2915 915 2984 vivaci
956 2929 1444 2986 conservaretur
1504 2916 1568 2984 in
1628 2913 1861 2986 littera.
1916 2918 2065 2987 Ideo
2106 2939 2226 3007 ego
2300 2921 2649 3004 lohannes,
2732 2922 2974 2989 Sancte

713 3030 939 3099 Crucis
975 3031 1285 3116 decauuS,
1325 3043 1625 3120 totusque
1680 3030 1973 3120 ejusdem
2047 3029 2324 3101 ecclesie
2392 3046 2747 3104 conventus
2822 3055 2973 3123 pre-

711 3141 880 3213 senti
922 3142 1147 3234 pagina
1180 3150 1404 3213 notum
1446 3144 1579 3212 lieri
1610 3146 1906 3214 volumus
1936 3157 2065 3214 tam
2104 3145 2520 3235 presentibus
2560 3168 2753 3240 quam
2794 3149 2975 3215 lutu-

711 3258 804 3327 ris
844 3255 1337 3347 contencionem
1370 3260 1689 3348 quandam
1727 3256 1835 3327 diu
1896 3256 2095 3329 luisse
2121 3257 2306 3349 „inter
2341 3262 2716 3331 Hei-bertum
2754 3262 2974 3331 Vasle·

716 3384 850 3439 tum
893 3384 955 3439 et
1000 3393 1117 3440 nos
1172 3374 1256 3441 de
1308 3384 1483 3462 parte
1524 3373 1817 3441 nemoris
1883 3374 2053 3461 quod
2116 3373 2313 3443 situm
2371 3387 2471 3444 est
2512 3373 2680 3444 inter
2727 3377 2971 3444 Nemus

716 3478 927 3574 Arpini
969 3498 1032 3553 et
1075 3486 1436 3567 Puteolum,
1470 3507 1656 3573 quam
1703 3497 1947 3574 partem
1988 3483 2156 3556 idem
2203 3488 2544 3557 Herbertus
2608 3501 2672 3557 et
2730 3489 2968 3577 prede—

714 3618 1010 3666 cessores
1042 3595 1138 3665 sui
1181 3592 1289 3665 diu
1331 3620 1364 3666 a
1404 3595 1591 3666 nobis
1631 3599 2001 3668 censualem
2041 3592 2422 3681 habuerant,
2468 3601 2547 3671 de
2572 3597 2964 3690 quibusdam

715 3732 970 3800 quoque
1022 3709 1467 3781 exactionibus
1506 3734 1664 3799 quas
1726 3709 1869 3802 ipse
1927 3715 2311 3783 reclamabat
2375 3727 2503 3783 tam
2569 3715 2635 3782 in
2701 3736 2969 3784 nemore

714 3847 901 3915 quam
943 3828 1007 3893 in
1048 3823 1332 3894 minimis
1373 3823 1683 3895 fructibus
1711 3824 1846 3897 sive
1887 3839 2319 3909 terra‚'causa
2368 3826 2598 3918 grierie
2646 3841 2712 3899 et
2771 3850 2967 3897 causa

714 3937 1179 4009 advocationis.
1242 3940 1364 4008 Sed
1443 3938 1589 4029 quia
1644 3940 1926 4010 ecclesie
1994 3954 2214 4011 nostre
2269 3942 2427 4011 utile
2505 3940 2840 4013 videbatur
2896 3941 2965 4010 in

715 4075 977 4124 nemore
1020 4066 1340 4142 pretaxato
1365 4075 1590 4123 novam
1628 4052 1878 4124 villam¹
1921 4054 2244 4139 edificare,
2280 4078 2361 4126 ue
2396 4055 2536 4148 ipse
2556 4070 2663 4128 aut
2687 4058 2964 4126 heredes

716 4166 814 4235 sui
846 4165 1091 4257 aliquid
1155 4166 1220 4236 in
1263 4189 1336 4237 ea
1377 4169 1727 4238 reclamare
1795 4183 2063 4259 possent
2106 4168 2649 4261 composicionem
2695 4192 2840 4241 cum
2881 4191 2965 4239 eo

714 4280 1149 4351 ordinavimus
1190 4284 1379 4351 talem
1421 4283 1591 4371 quod
1626 4280 1765 4372 ipse
1789 4281 2090 4373 quicquid
2144 4286 2446 4355 censuale
2500 4283 2632 4355 sive
2685 4305 2964 4356 consue-

778 4632 796 4666 ¹
831 4634 971 4686 Sans
1016 4631 1185 4687 doute
1237 4632 1291 4686 la
1340 4631 1505 4688 Foret
1555 4631 1954 4702 sainte-Croix,
2013 4634 2109 4705 qui
2162 4641 2242 4689 est
2299 4635 2657 4691 mentionnee
2676 4634 2775 4690 des
2822 4636 2967 4692 1194

708 4720 837 4792 (Ch.
874 4721 1091 4793 CXIII).

3411 4 3429 112 l
