3485 5571
1463 652 1818 714 -397-

513 780 753 852 dietum
782 780 1041 849 feudum
1082 792 1147 850 et
1183 777 1822 850 admortifieationem
1878 800 2076 869 super
2130 799 2208 849 eo
2283 780 2514 848 factam
2579 778 2769 850 dictis

511 897 757 966 decano
795 905 858 963 et
893 891 1171 984 capitulo
1205 890 1269 962 in
1311 905 1719 984 perpetuum,
1760 890 2055 963 videlicet
2093 891 2303 963 dictus
2326 896 2653 964 lohannes
2687 895 2767 962 de

507 1009 734 1090 Belua,
768 1003 979 1091 miles,
1024 1019 1089 1076 et
1126 1004 1441 1075 Ysabellis
1498 1005 1639 1094 ejus
1706 1026 1863 1074 uxor
1913 1016 2216 1095 tanquam
2278 1003 2523 1095 primus
2563 1003 2770 1076 domi-

507 1140 636 1198 nus
674 1116 968 1200 feudalis,
1021 1130 1087 1188 et
1126 1117 1338 1188 dictus
1379 1116 1757 1188 Guillelmus
1813 1131 1877 1188 et
1914 1119 2055 1208 ejus
2095 1140 2249 1189 uxor
2278 1131 2579 1209 tanquam
2625 1130 2758 1189 ter-

507 1230 651 1302 cius
701 1233 1005 1302 dominus
1069 1230 1366 1315 feudalis,
1432 1230 1821 1323 garentient‚
1878 1233 2244 1303 liberabunt
2298 1245 2362 1302 et
2419 1234 2770 1303 defendent

507 1358 733 1417 contra
794 1367 1049 1430 omneS‚
1115 1358 1182 1417 et
1218 1345 1483 1437 insuper
1546 1345 1794 1438 plegios
1844 1347 2184 1432 dederunt,
2254 1344 2551 1417 videlicet
2614 1343 2768 1417 dicti

506 1462 836 1531 lohannes
876 1462 955 1531 de
987 1463 1180 1532 Belua
1219 1474 1284 1532 et
1326 1463 1466 1551 ejus
1523 1482 1679 1531 uxor
1741 1464 2138 1552 Stephanum
2202 1462 2416 1531 Golart
2476 1462 2557 1532 de
2598 1462 2768 1530 Cor-

509 1572 715 1658 ciaco,
782 1576 1139 1646 Johannem
1203 1577 1282 1646 de
1365 1575 1587 1659 Belua,
1645 1573 2060 1666 armigerum,
2126 1577 2330 1645 filium
2393 1577 2767 1646 eorumdem

508 1687 823 1760 Johannis
862 1704 928 1761 et
966 1689 1312 1773 Ysabellis‚
1374 1693 1629 1761 Petrum
1693 1691 1772 1761 de
1836 1692 2040 1761 Borda
2107 1705 2170 1760 et
2216 1688 2659 1761 Constantium
2692 1691 2771 1760 de

517 1800 790 1888 Granii8‚
831 1816 896 1875 et
934 1801 1088 1874 dieti
1129 1801 1507 1875 Guillelmus
1546 1817 1611 1875 et
1650 1805 1841 1874 Maria
1869 1806 2010 1895 ejus
2062 1826 2219 1874 uxor
2276 1804 2593 1875 dederunt
2640 1825 2779 1874 ma·

514 1915 784 2007 gistrum
822 1920 1184 1989 Johannem
1223 1919 1303 1989 de
1342 1915 1752 2002 Bosumvilla,
1806 1917 2139 2002 clericum,
2226 1917 2634 1990 Guillelmum
2693 1920 2774 1988 de

513 2029 948 2124 Alleinvill[a]‚
1017 2033 1431 2123 armigerum,
1503 2045 1566 2103 et
1615 2031 1984 2103 Michaelem
2042 2033 2431 2103 servientem
2493 2033 2769 2114 OdoniS‚

514 2147 745 2216 decani
823 2143 1327 2229 Aurelianensis,
1391 2144 1499 2236 qui
1572 2144 1768 2237 plegii
1838 2148 1920 2216 ad
1995 2145 2278 2237 predicta
2348 2146 2758 2236 adimplenda

513 2282 731 2332 coram
762 2259 952 2330 nobis
981 2281 1053 2331 se
1094 2275 1396 2351 tanquam
1437 2262 1687 2351 plegios
1719 2282 1834 2352 per
1881 2262 2078 2331 fidem
2134 2283 2315 2331 suam
2355 2258 2719 2351 obligarunt
2757 2281 2776 2343 ;

516 2388 584 2446 et
646 2372 910 2466 insuper
968 2374 1121 2445 dicti
1182 2378 1510 2446 lohannes
1563 2376 1643 2446 de
1701 2377 1895 2446 Belua
1955 2387 2020 2446 et
2076 2372 2393 2446 Ysabellis
2440 2376 2581 2464 ejus
2622 2396 2776 2445 uxor

514 2487 955 2580 promiserunt
993 2490 1189 2577 quod,
1233 2490 1434 2560 altero
1469 2487 1786 2560 dictorum
1813 2488 2168 2579 plegiorum
2208 2487 2472 2559 suorum
2517 2489 2771 2559 sublato

516 2586 600 2672 de
629 2600 869 2684 medio,
913 2600 1037 2694 ipsi
1085 2604 1355 2673 alterum
1395 2624 1562 2693 eque
1607 2605 1847 2673 bonum
1902 2604 2342 2692 subrogabunt
2381 2600 2540 2672 infra
2590 2624 2771 2673 men-

514 2739 657 2789 sem
697 2732 1038 2812 postquam
1079 2740 1273 2811 super
1311 2721 1433 2790 hoc
1464 2741 1539 2791 ex
1574 2731 1752 2810 parte
1779 2718 2096 2790 dictorum
2137 2716 2359 2790 decani
2412 2731 2477 2790 et
2510 2716 2773 2810 capituli

515 2831 753 2905 luerint
790 2835 1112 2924 requisiti,
1152 2847 1217 2905 et
1255 2846 1563 2925 quantum
1603 2835 1682 2905 ad
1722 2831 1938 2904 omnia
1990 2845 2055 2904 et
2106 2834 2358 2924 singula
2399 2830 2765 2925 supradicta

518 2950 797 3020 tenenda
823 2962 887 3019 et
915 2946 1323 3040 adimplenda
1349 2971 1578 3021 omnes
1611 2947 2055 3040 prenominate
2080 2969 2355 3039 persone
2385 2970 2457 3018 se
2474 2945 2773 3037 jurisdic-

517 3060 676 3133 tioni
704 3075 920 3134 nostre
952 3076 1454 3154 supposuerunt.
1498 3066 1730 3134 Datum
1754 3064 1835 3133 ad
1867 3084 2091 3154 preces
2116 3060 2428 3132 dictarum
2459 3060 2757 3152 partium,

515 3198 688 3247 anno
720 3177 979 3248 Domini
1019 3180 1220 3249 MCCL
1244 3190 1448 3261 sexto,
1483 3199 1706 3249 mense
1721 3174 1911 3269 julio,
1941 3174 2044 3247 die
2075 3175 2321 3247 sabbati
2358 3190 2504 3267 post
2529 3179 2763 3248 festum

523 3291 691 3362 beati
725 3290 973 3361 Martini
1013 3289 1322 3363 estivalis.
1557 3286 1561 3290 ’
