3485 5571
1792 652 2146 715 —180—

834 781 1021 872 cujus
1061 793 1334 871 possunt
1389 780 1523 851 fieri
1580 776 1909 870 diligentia
1949 776 2273 849 meliores.
2315 779 2455 868 Ego
2496 775 2687 868 igitur
2727 780 3074 863 ManasseS,

834 893 950 966 Dei
989 892 1200 985 gracia
1238 891 1712 965 Aurelianensis
1761 894 2137 984 episcopus,
2167 889 2568 983 presentium
2617 904 2682 962 et
2733 894 3076 962 futurorum

835 1007 1072 1080 noticie
1110 1006 1605 1080 transmittimus
1644 1008 1816 1098 quod
1849 1004 2124 1077 dilectus
2170 1018 2392 1076 noster
2426 1007 2781 1079 Cadurcus,
2825 997 3076 1082 canoni÷

836 1147 953 1196 cus
1011 1120 1286 1194 ecclesie
1313 1126 1545 1194 Sancte
1585 1120 1833 1203 Crucis,
1880 1133 2165 1192 nostram
2204 1118 2360 1191 adiit
2409 1118 2796 1211 presentiam
2844 1122 3081 1212 suppli-

839 1238 999 1311 citer
1036 1259 1306 1309 exorans
1349 1239 1523 1328 quod
1563 1250 1804 1308 turrem
1844 1235 2038 1306 illam¹
2081 1238 2310 1306 laetam
2344 1257 2538 1326 opere
2578 1234 2926 1306 Gentilium
2968 1257 3082 1326 que

839 1366 988 1424 ante
1027 1363 1273 1444 portam
1314 1349 1588 1423 ecclesie
1629 1355 1861 1421 Sancte
1901 1348 2145 1433 Crucis,
2176 1371 2211 1420 a
2243 1365 2420 1442 parte
2456 1347 2943 1441 septentrionali
2972 1348 3083 1420 sita

839 1477 964 1549 est,
1000 1476 1065 1537 et
1091 1478 1338 1557 portam
1370 1464 1575 1557 ipsam
1618 1487 1742 1556 que
1779 1478 2027 1536 turrem
2056 1465 2279 1535 domui
2323 1486 2439 1536 sue
2476 1461 2810 1535 continuat
2836 1463 2899 1535 ei
2939 1487 3084 1535 con·

843 1583 1247 1666 cederemus,
1293 1602 1370 1652 eo
1400 1581 1570 1671 quod
1613 1577 1835 1649 domui
1864 1580 2006 1669 ejus
2054 1580 2359 1669 contigue
2406 1579 2425 1670 [
2858 1578 2878 1671 ]
2922 1578 3085 1648 vide-

837 1699 1298 1787 bantur31pse
1335 1716 1482 1766 vero
1542 1706 1921 1765 vetustatem
1998 1715 2217 1764 earum
2275 1715 2389 1783 pro
2451 1694 2711 1763 modulo
2752 1715 2902 1774 suo,
2958 1697 3085 1763 Deo

839 1813 1120 1894 volente,
1161 1821 1486 1901 repararet
1527 1811 1593 1879 in
1636 1807 1893 1890 meliuS,
1942 1821 2074 1878 tam
2112 1807 2230 1878 sibi
2277 1805 2337 1877 in
2388 1805 2512 1877 vita
2557 1829 2672 1878 sua
2710 1830 2903 1899 quam
2948 1831 3086 1900 pos·

837 1937 1116 1997 terorum
1151 1922 1372 1995 usibus
1407 1924 1815 2014 postmodum
1857 1926 2243 2014 profuturas.
2289 1926 2417 1992 Nos
2449 1943 2598 1993 vero
2633 1919 2934 2013 petitioni
2954 1925 3086 2013 ejus

833 2038 1027 2130 digno
1066 2050 1449 2109 contuentes
1496 2059 1794 2119 assensu,
1838 2039 2141 2128 prefatam
2183 2048 2422 2107 turrem
2471 2057 2617 2106 cum
2674 2049 2857 2128 porta
2897 2035 2960 2108 ei
3019 2036 3077 2105 in

832 2151 957 2224 vita
1024 2175 1138 2224 sua
1192 2165 1253 2223 et
1316 2148 1809 2223 successoribus
1868 2153 2099 2221 domus
2157 2147 2451 2241 personis
2511 2148 2977 2222 ecclesiasticis
3024 2153 3084 2220 in

833 2279 1212 2358 perpetuum
1254 2262 1729 2347 concessimus,
1760 2277 1830 2334 ut
1866 2276 2079 2335 amota
2117 2261 2293 2334 omni
2333 2261 2698 2355 calumpnia
2727 2277 2793 2335 et
2831 2280 3088 2336 contra·

830 2377 1113 2450 dictione
1148 2381 1379 2450 domus
1419 2391 1482 2449 et
1512 2378 1705 2448 turris
1745 2400 1892 2449 cum
1939 2390 2116 2469 porta
2156 2400 2192 2448 a
2227 2375 2717 2467 possessoribus
2757 2375 3085 2470 insepara-

827 2492 1039 2565 biliter
1063 2495 1439 2564 habeantur.
1471 2494 1655 2577 Quod
1691 2505 1759 2562 ut
1783 2494 2035 2562 firmum
2077 2490 2342 2584 perenni
2365 2490 2672 2562 memoria
2715 2505 3069 2577 teneretur,

831 2612 1071 2682 donum
1111 2609 1285 2680 istud
1344 2633 1379 2681 a
1421 2607 1833 2701 presentibus
1871 2622 1936 2680 et
1992 2606 2188 2697 sigilli
2230 2605 2435 2679 nostri
2481 2606 2752 2680 lecimus
2804 2608 3077 2701 impres-

829 2724 1011 2797 sione
1052 2722 1311 2795 muniri.
1356 2729 1581 2796 Actum
1630 2723 2011 2808 Aurelianis,
2041 2745 2211 2795 anno
2258 2721 2718 2795 incarnationis
2748 2723 3072 2797 dominice

834 2842 1029 2911 1179.
1086 2838 1551 2911 Assistentibus
1615 2842 1861 2911 Andrea
1914 2854 2175 2911 cantore
2215 2842 2447 2909 Sancte
2501 2837 2747 2921 Crucis,
2810 2842 3077 2912 Radulfo

831 2967 1237 3036 succentore,
1306 2957 1583 3026 Fulcone
1649 2952 1953 3045 magistro
2015 2955 2362 3036 scolarum,
2421 2953 2719 3024 Gaul'rido
2782 2955 2864 3026 de
2940 2958 3086 3025 Gra-

835 3090 1039 3140 craco.

898 4406 917 4441 ¹
948 4401 1091 4454 Note
1118 4398 1187 4452 de
1214 4395 1361 4452 Dom
1390 4397 1612 4453 Geron:
1647 4414 1676 4451 ι
1708 4398 1863 4453 Cette
1899 4404 2027 4453 tour
2055 4403 2108 4454 et
2137 4403 2280 4454 cette
2325 4404 2484 4470 porte
2524 4400 2734 4457 etoient
2762 4403 2905 4458 dans
2928 4401 3074 4459 l’an-

824 4489 1020 4546 cienne
1064 4489 1319 4545 enceinte
1365 4486 1519 4543 dela
1564 4485 1690 4543 ville
1732 4487 1878 4544 batie
1920 4506 1992 4543 ou
2040 4488 2270 4559 repat-ee
2317 4506 2420 4561 par
2460 4489 2541 4546 les
2591 4491 2885 4548 Romains.
2923 4494 3074 4550 Elles

821 4580 1088 4637 n’etoient
1114 4578 1271 4651 point
1298 4577 1577 4649 eloignees
1606 4577 1683 4633 du
1711 4578 1838 4649 puis
1865 4594 1977 4649 que
2004 4577 2119 4633 l’on
2147 4578 2259 4634 voit
2296 4579 2437 4635 dans
2467 4580 2519 4636 le
2561 4580 2786 4638 cloistre
2815 4583 2911 4655 qui
2942 4599 3078 4639 con·

817 4667 939 4724 duit
968 4685 1040 4725 au
1067 4669 1357 4727 cimetiere
1383 4685 1437 4723 ι.
