<?xml version="1.0" encoding="UTF-8"?>
<!DOCTYPE html PUBLIC "-//W3C//DTD XHTML 1.0 Transitional//EN"
    "http://www.w3.org/TR/xhtml1/DTD/xhtml1-transitional.dtd">
<html xmlns="http://www.w3.org/1999/xhtml" xml:lang="en" lang="en">
 <head>
  <title>
</title>
<meta http-equiv="Content-Type" content="text/html;charset=utf-8" />
  <meta name='ocr-system' content='tesseract 3.04.00' />
  <meta name='ocr-capabilities' content='ocr_page ocr_carea ocr_par ocr_line ocrx_word'/>
</head>
<body>
  <div class='ocr_page' id='page_1' title='image "./cartulairedesai00thilgoog_0530.png"; bbox 0 0 3485 5571; ppageno 0'>
   <div class='ocr_carea' id='block_1_1' title="bbox 1750 662 2106 726">
    <p class='ocr_par' dir='ltr' id='par_1_1' title="bbox 1750 662 2106 726">
     <span class='ocr_line' id='line_1_1' title="bbox 1750 662 2106 726; baseline 0 0"><span class='ocrx_word' id='word_1_1' title='bbox 1750 662 2106 726; x_wconf 75' lang='lat'><strong>—348—-</strong></span> 
     </span>
    </p>
   </div>
   <div class='ocr_carea' id='block_1_2' title="bbox 797 788 3064 1218">
    <p class='ocr_par' dir='ltr' id='par_1_2' title="bbox 797 788 3064 1218">
     <span class='ocr_line' id='line_1_2' title="bbox 800 788 3061 882; baseline -0.001 -20"><span class='ocrx_word' id='word_1_2' title='bbox 800 790 1106 881; x_wconf 87' lang='lat' dir='ltr'>quamdiu</span> <span class='ocrx_word' id='word_1_3' title='bbox 1173 811 1301 860; x_wconf 92' lang='lat' dir='ltr'>non</span> <span class='ocrx_word' id='word_1_4' title='bbox 1341 789 1462 861; x_wconf 90' lang='lat' dir='ltr'>erit</span> <span class='ocrx_word' id='word_1_5' title='bbox 1499 788 1587 861; x_wconf 91' lang='lat' dir='ltr'>ibi</span> <span class='ocrx_word' id='word_1_6' title='bbox 1626 812 1813 882; x_wconf 83' lang='lat' dir='ltr'>aqua,</span> <span class='ocrx_word' id='word_1_7' title='bbox 1857 803 1923 861; x_wconf 91' lang='lat' dir='ltr'>et</span> <span class='ocrx_word' id='word_1_8' title='bbox 1950 790 2301 882; x_wconf 90' lang='lat' dir='ltr'>capitulum</span> <span class='ocrx_word' id='word_1_9' title='bbox 2355 802 2420 861; x_wconf 90' lang='lat' dir='ltr'>et</span> <span class='ocrx_word' id='word_1_10' title='bbox 2459 792 2778 862; x_wconf 88' lang='lat' dir='ltr'>Hubertus</span> <span class='ocrx_word' id='word_1_11' title='bbox 2817 811 3061 881; x_wconf 82' lang='lat' dir='ltr'>aquam</span> 
     </span>
     <span class='ocr_line' id='line_1_3' title="bbox 801 905 3064 997; baseline -0 -24"><span class='ocrx_word' id='word_1_12' title='bbox 801 915 1271 997; x_wconf 81' lang='lat' dir='ltr'>prosequentur</span> <span class='ocrx_word' id='word_1_13' title='bbox 1307 916 1617 995; x_wconf 82' lang='lat' dir='ltr'>quantum</span> <span class='ocrx_word' id='word_1_14' title='bbox 1679 905 1871 975; x_wconf 89' lang='lat' dir='ltr'>latius</span> <span class='ocrx_word' id='word_1_15' title='bbox 1911 927 1983 976; x_wconf 93' lang='lat' dir='ltr'>se</span> <span class='ocrx_word' id='word_1_16' title='bbox 2044 906 2369 976; x_wconf 75' lang='lat' dir='ltr'>extendet.</span> <span class='ocrx_word' id='word_1_17' title='bbox 2411 909 2539 977; x_wconf 91' lang='lat' dir='ltr'>Nos</span> <span class='ocrx_word' id='word_1_18' title='bbox 2581 906 2831 979; x_wconf 87' lang='lat' dir='ltr'>veroin</span> <span class='ocrx_word' id='word_1_19' title='bbox 2862 905 3064 994; x_wconf 84' lang='lat' dir='ltr'>hujus</span> 
     </span>
     <span class='ocr_line' id='line_1_4' title="bbox 797 1016 3064 1110; baseline -0.001 -21"><span class='ocrx_word' id='word_1_20' title='bbox 797 1016 890 1089; x_wconf 87' lang='lat' dir='ltr'>rei</span> <span class='ocrx_word' id='word_1_21' title='bbox 921 1019 1114 1089; x_wconf 87' lang='lat' dir='ltr'>fidem</span> <span class='ocrx_word' id='word_1_22' title='bbox 1140 1031 1205 1089; x_wconf 93' lang='lat' dir='ltr'>et</span> <span class='ocrx_word' id='word_1_23' title='bbox 1233 1017 1676 1090; x_wconf 86' lang='lat' dir='ltr'>testimonium</span> <span class='ocrx_word' id='word_1_24' title='bbox 1713 1030 2051 1110; x_wconf 81' lang='lat' dir='ltr'>presentes</span> <span class='ocrx_word' id='word_1_25' title='bbox 2077 1020 2322 1091; x_wconf 74' lang='lat' dir='ltr'>litteras</span> <span class='ocrx_word' id='word_1_26' title='bbox 2353 1018 2546 1110; x_wconf 85' lang='lat' dir='ltr'><strong>sigilli</strong></span> <span class='ocrx_word' id='word_1_27' title='bbox 2589 1017 2794 1091; x_wconf 78' lang='lat' dir='ltr'>nostri</span> <span class='ocrx_word' id='word_1_28' title='bbox 2843 1017 3064 1087; x_wconf 91' lang='lat' dir='ltr'>muni-</span> 
     </span>
     <span class='ocr_line' id='line_1_5' title="bbox 799 1130 3060 1218; baseline -0.001 -16"><span class='ocrx_word' id='word_1_29' title='bbox 799 1131 973 1203; x_wconf 85' lang='lat' dir='ltr'>mine</span> <span class='ocrx_word' id='word_1_30' title='bbox 1027 1132 1299 1204; x_wconf 82' lang='lat' dir='ltr'>lecimus</span> <span class='ocrx_word' id='word_1_31' title='bbox 1357 1130 1669 1204; x_wconf 85' lang='lat' dir='ltr'>roborari.</span> <span class='ocrx_word' id='word_1_32' title='bbox 1730 1136 1959 1204; x_wconf 79' lang='lat' dir='ltr'>Actum</span> <span class='ocrx_word' id='word_1_33' title='bbox 2029 1155 2199 1204; x_wconf 88' lang='lat' dir='ltr'>anno</span> <span class='ocrx_word' id='word_1_34' title='bbox 2253 1130 2510 1206; x_wconf 88' lang='lat' dir='ltr'>Domini</span> <span class='ocrx_word' id='word_1_35' title='bbox 2565 1133 3060 1218; x_wconf 82' lang='lat' dir='ltr'>MCCXXXVIII,</span> 
     </span>
    </p>
   </div>
   <div class='ocr_carea' id='block_1_3' title="bbox 798 1245 1411 1319">
    <p class='ocr_par' dir='ltr' id='par_1_3' title="bbox 798 1245 1411 1319">
     <span class='ocr_line' id='line_1_6' title="bbox 798 1245 1411 1319; baseline -0.002 -1"><span class='ocrx_word' id='word_1_36' title='bbox 798 1268 1024 1319; x_wconf 90' lang='lat' dir='ltr'>mense</span> <span class='ocrx_word' id='word_1_37' title='bbox 1052 1245 1411 1318; x_wconf 87' lang='lat' dir='ltr'>novembri.</span> 
     </span>
    </p>
   </div>
   <div class='ocr_carea' id='block_1_4' title="bbox 1815 1620 2037 1682">
    <p class='ocr_par' dir='ltr' id='par_1_4' title="bbox 1815 1620 2037 1682">
     <span class='ocr_line' id='line_1_7' title="bbox 1815 1620 2037 1682; baseline -0.018 0"><span class='ocrx_word' id='word_1_38' title='bbox 1815 1620 2037 1682; x_wconf 86' lang='lat' dir='ltr'>CCLIV</span> 
     </span>
    </p>
   </div>
   <div class='ocr_carea' id='block_1_5' title="bbox 1635 1918 2202 1983">
    <p class='ocr_par' dir='ltr' id='par_1_5' title="bbox 1635 1918 2202 1983">
     <span class='ocr_line' id='line_1_8' title="bbox 1635 1918 2202 1983; baseline -0.002 -1"><span class='ocrx_word' id='word_1_39' title='bbox 1635 1918 2003 1983; x_wconf 78' lang='lat' dir='ltr'>Decembre</span> <span class='ocrx_word' id='word_1_40' title='bbox 2047 1918 2202 1982; x_wconf 72' lang='lat'><strong>1238</strong></span> 
     </span>
    </p>
   </div>
   <div class='ocr_carea' id='block_1_6' title="bbox 792 2169 3064 2435">
    <p class='ocr_par' dir='ltr' id='par_1_6' title="bbox 792 2169 3064 2435">
     <span class='ocr_line' id='line_1_9' title="bbox 792 2169 3062 2244; baseline -0.001 -16"><span class='ocrx_word' id='word_1_41' title='bbox 792 2174 973 2228; x_wconf 80' lang='lat' dir='ltr'>Vento</span> <span class='ocrx_word' id='word_1_42' title='bbox 1004 2188 1076 2228; x_wconf 85' lang='lat' dir='ltr'>au</span> <span class='ocrx_word' id='word_1_43' title='bbox 1103 2172 1356 2244; x_wconf 81' lang='lat' dir='ltr'>chapitre</span> <span class='ocrx_word' id='word_1_44' title='bbox 1387 2187 1489 2244; x_wconf 80' lang='lat' dir='ltr'>par</span> <span class='ocrx_word' id='word_1_45' title='bbox 1513 2172 1751 2229; x_wconf 86' lang='lat' dir='ltr'>Etienne</span> <span class='ocrx_word' id='word_1_46' title='bbox 1780 2173 1855 2228; x_wconf 88' lang='lat' dir='ltr'>Le</span> <span class='ocrx_word' id='word_1_47' title='bbox 1876 2173 2086 2243; x_wconf 86' lang='lat' dir='ltr'>Coche,</span> <span class='ocrx_word' id='word_1_48' title='bbox 2109 2172 2278 2242; x_wconf 88' lang='lat' dir='ltr'>clerc,</span> <span class='ocrx_word' id='word_1_49' title='bbox 2309 2186 2454 2242; x_wconf 86' lang='lat' dir='ltr'>pour</span> <span class='ocrx_word' id='word_1_50' title='bbox 2473 2169 2543 2228; x_wconf 86' lang='lat'>36</span> <span class='ocrx_word' id='word_1_51' title='bbox 2572 2169 2741 2226; x_wconf 82' lang='lat' dir='ltr'>livres</span> <span class='ocrx_word' id='word_1_52' title='bbox 2766 2169 3062 2238; x_wconf 87' lang='lat' dir='ltr'>tournois,</span> 
     </span>
     <span class='ocr_line' id='line_1_10' title="bbox 862 2265 3064 2343; baseline 0 -20"><span class='ocrx_word' id='word_1_53' title='bbox 862 2268 931 2324; x_wconf 85' lang='lat' dir='ltr'>de</span> <span class='ocrx_word' id='word_1_54' title='bbox 955 2268 1190 2343; x_wconf 10' lang='lat' dir='ltr'>sardime</span> <span class='ocrx_word' id='word_1_55' title='bbox 1214 2286 1284 2324; x_wconf 87' lang='lat' dir='ltr'>en</span> <span class='ocrx_word' id='word_1_56' title='bbox 1310 2269 1378 2324; x_wconf 89' lang='lat'>17</span> <span class='ocrx_word' id='word_1_57' title='bbox 1405 2275 1633 2341; x_wconf 84' lang='lat' dir='ltr'>arpents</span> <span class='ocrx_word' id='word_1_58' title='bbox 1661 2273 1716 2324; x_wconf 88' lang='lat' dir='ltr'>et</span> <span class='ocrx_word' id='word_1_59' title='bbox 1742 2269 1892 2325; x_wconf 87' lang='lat' dir='ltr'>demi</span> <span class='ocrx_word' id='word_1_60' title='bbox 1921 2269 1991 2324; x_wconf 89' lang='lat' dir='ltr'>de</span> <span class='ocrx_word' id='word_1_61' title='bbox 2021 2268 2213 2339; x_wconf 76' lang='lat' dir='ltr'>vignes</span> <span class='ocrx_word' id='word_1_62' title='bbox 2242 2268 2273 2323; x_wconf 69' lang='lat' dir='ltr'>a</span> <span class='ocrx_word' id='word_1_63' title='bbox 2302 2268 2591 2336; x_wconf 87' lang='lat' dir='ltr'>Solereau,</span> <span class='ocrx_word' id='word_1_64' title='bbox 2624 2268 2755 2338; x_wconf 80' lang='lat' dir='ltr'>pres</span> <span class='ocrx_word' id='word_1_65' title='bbox 2805 2265 3064 2323; x_wconf 83' lang='lat' dir='ltr'>l’Orme-</span> 
     </span>
     <span class='ocr_line' id='line_1_11' title="bbox 860 2363 1292 2435; baseline -0.002 -15"><span class='ocrx_word' id='word_1_66' title='bbox 860 2363 1292 2435; x_wconf 76' lang='lat' dir='ltr'>Saint-Aignan.</span> 
     </span>
    </p>
   </div>
   <div class='ocr_carea' id='block_1_7' title="bbox 1261 2514 2559 2587">
    <p class='ocr_par' dir='ltr' id='par_1_7' title="bbox 1261 2514 2559 2587">
     <span class='ocr_line' id='line_1_12' title="bbox 1261 2514 2559 2587; baseline -0.002 -17"><span class='ocrx_word' id='word_1_67' title='bbox 1261 2514 1440 2585; x_wconf 60' lang='lat' dir='ltr'>(Oria.</span> <span class='ocrx_word' id='word_1_68' title='bbox 1467 2532 1516 2571; x_wconf 86' lang='lat' dir='ltr'>s.</span> <span class='ocrx_word' id='word_1_69' title='bbox 1549 2516 1741 2587; x_wconf 85' lang='lat' dir='ltr'>parch.</span> <span class='ocrx_word' id='word_1_70' title='bbox 1765 2515 1933 2571; x_wconf 85' lang='lat' dir='ltr'>Arch.</span> <span class='ocrx_word' id='word_1_71' title='bbox 1967 2515 2045 2570; x_wconf 88' lang='lat' dir='ltr'>du</span> <span class='ocrx_word' id='word_1_72' title='bbox 2074 2514 2282 2583; x_wconf 87' lang='lat' dir='ltr'>Loiret,</span> <span class='ocrx_word' id='word_1_73' title='bbox 2314 2515 2382 2570; x_wconf 89' lang='lat' dir='ltr'>G.</span> <span class='ocrx_word' id='word_1_74' title='bbox 2414 2514 2559 2583; x_wconf 89' lang='grc'><strong>336.)</strong></span> 
     </span>
    </p>
   </div>
   <div class='ocr_carea' id='block_1_8' title="bbox 785 2728 3062 4767">
    <p class='ocr_par' dir='ltr' id='par_1_8' title="bbox 785 2728 3062 4767">
     <span class='ocr_line' id='line_1_13' title="bbox 878 2728 3062 2822; baseline 0.001 -19"><span class='ocrx_word' id='word_1_75' title='bbox 878 2732 1199 2803; x_wconf 85' lang='lat' dir='ltr'>Omnibus</span> <span class='ocrx_word' id='word_1_76' title='bbox 1261 2743 1595 2822; x_wconf 87' lang='lat' dir='ltr'>presentes</span> <span class='ocrx_word' id='word_1_77' title='bbox 1652 2732 1901 2802; x_wconf 83' lang='lat' dir='ltr'>litteras</span> <span class='ocrx_word' id='word_1_78' title='bbox 1947 2728 2369 2821; x_wconf 64' lang='lat' dir='ltr'>inspectum,</span> <span class='ocrx_word' id='word_1_79' title='bbox 2429 2730 2719 2805; x_wconf 85' lang='lat' dir='ltr'>officialis</span> <span class='ocrx_word' id='word_1_80' title='bbox 2759 2732 3062 2805; x_wconf 83' lang='lat' dir='ltr'>Aurelia-</span> 
     </span>
     <span class='ocr_line' id='line_1_14' title="bbox 790 2843 3059 2937; baseline 0.002 -22"><span class='ocrx_word' id='word_1_81' title='bbox 790 2844 1013 2917; x_wconf 87' lang='lat' dir='ltr'>nensis</span> <span class='ocrx_word' id='word_1_82' title='bbox 1048 2847 1321 2918; x_wconf 87' lang='lat' dir='ltr'>salutem</span> <span class='ocrx_word' id='word_1_83' title='bbox 1360 2844 1424 2915; x_wconf 91' lang='lat' dir='ltr'>in</span> <span class='ocrx_word' id='word_1_84' title='bbox 1480 2846 1785 2916; x_wconf 92' lang='lat' dir='ltr'>Domino.</span> <span class='ocrx_word' id='word_1_85' title='bbox 1829 2843 2130 2916; x_wconf 88' lang='lat' dir='ltr'>Noverint</span> <span class='ocrx_word' id='word_1_86' title='bbox 2169 2845 2447 2918; x_wconf 89' lang='lat' dir='ltr'>universi</span> <span class='ocrx_word' id='word_1_87' title='bbox 2488 2849 2675 2937; x_wconf 40' lang='lat' dir='ltr'>‚quod</span> <span class='ocrx_word' id='word_1_88' title='bbox 2724 2845 3059 2919; x_wconf 88' lang='lat' dir='ltr'>constitu-</span> 
     </span>
     <span class='ocr_line' id='line_1_15' title="bbox 788 2957 3061 3050; baseline 0.001 -21"><span class='ocrx_word' id='word_1_89' title='bbox 788 2973 893 3030; x_wconf 91' lang='lat' dir='ltr'>tus</span> <span class='ocrx_word' id='word_1_90' title='bbox 924 2982 1138 3031; x_wconf 87' lang='lat' dir='ltr'>coram</span> <span class='ocrx_word' id='word_1_91' title='bbox 1178 2958 1370 3031; x_wconf 90' lang='lat' dir='ltr'>nobis</span> <span class='ocrx_word' id='word_1_92' title='bbox 1409 2957 1711 3050; x_wconf 86' lang='lat' dir='ltr'>magister</span> <span class='ocrx_word' id='word_1_93' title='bbox 1750 2961 2115 3049; x_wconf 81' lang='lat' dir='ltr'>Stephanus</span> <span class='ocrx_word' id='word_1_94' title='bbox 2138 2964 2223 3032; x_wconf 89' lang='lat' dir='ltr'>Le</span> <span class='ocrx_word' id='word_1_95' title='bbox 2259 2963 2498 3045; x_wconf 89' lang='lat' dir='ltr'>Coche,</span> <span class='ocrx_word' id='word_1_96' title='bbox 2540 2960 2843 3046; x_wconf 89' lang='lat' dir='ltr'>clericus,</span> <span class='ocrx_word' id='word_1_97' title='bbox 2889 2983 3061 3033; x_wconf 84' lang='lat' dir='ltr'>ven-</span> 
     </span>
     <span class='ocr_line' id='line_1_16' title="bbox 790 3071 3052 3165; baseline 0.002 -21"><span class='ocrx_word' id='word_1_98' title='bbox 790 3073 948 3145; x_wconf 87' lang='lat' dir='ltr'>didit</span> <span class='ocrx_word' id='word_1_99' title='bbox 978 3075 1452 3145; x_wconf 87' lang='lat' dir='ltr'>venerabilibus</span> <span class='ocrx_word' id='word_1_100' title='bbox 1506 3071 1655 3144; x_wconf 87' lang='lat' dir='ltr'>viris</span> <span class='ocrx_word' id='word_1_101' title='bbox 1695 3075 1941 3144; x_wconf 89' lang='lat' dir='ltr'>decano</span> <span class='ocrx_word' id='word_1_102' title='bbox 2003 3087 2067 3144; x_wconf 86' lang='lat' dir='ltr'>et</span> <span class='ocrx_word' id='word_1_103' title='bbox 2125 3075 2407 3165; x_wconf 89' lang='lat' dir='ltr'>capitulo</span> <span class='ocrx_word' id='word_1_104' title='bbox 2459 3074 3052 3148; x_wconf 80' lang='lat' dir='ltr'>Aurelianensibus</span> 
     </span>
     <span class='ocr_line' id='line_1_17' title="bbox 789 3185 3060 3281; baseline 0.001 -22"><span class='ocrx_word' id='word_1_105' title='bbox 789 3211 903 3281; x_wconf 95' lang='lat' dir='ltr'>pro</span> <span class='ocrx_word' id='word_1_106' title='bbox 934 3186 1191 3278; x_wconf 81' lang='lat' dir='ltr'>triginta</span> <span class='ocrx_word' id='word_1_107' title='bbox 1234 3201 1299 3261; x_wconf 91' lang='lat' dir='ltr'>et</span> <span class='ocrx_word' id='word_1_108' title='bbox 1335 3187 1618 3280; x_wconf 88' lang='lat' dir='ltr'>quinque</span> <span class='ocrx_word' id='word_1_109' title='bbox 1650 3186 1835 3259; x_wconf 88' lang='lat' dir='ltr'>libris</span> <span class='ocrx_word' id='word_1_110' title='bbox 1876 3185 2352 3278; x_wconf 80' lang='lat' dir='ltr'>parisiensium,</span> <span class='ocrx_word' id='word_1_111' title='bbox 2390 3190 2472 3260; x_wconf 92' lang='lat' dir='ltr'>de</span> <span class='ocrx_word' id='word_1_112' title='bbox 2505 3191 2743 3280; x_wconf 88' lang='lat' dir='ltr'>quibus</span> <span class='ocrx_word' id='word_1_113' title='bbox 2790 3191 2858 3261; x_wconf 91' lang='lat' dir='ltr'>in</span> <span class='ocrx_word' id='word_1_114' title='bbox 2927 3214 3060 3261; x_wconf 90' lang='lat' dir='ltr'>nu-</span> 
     </span>
     <span class='ocr_line' id='line_1_18' title="bbox 786 3301 3058 3395; baseline 0.002 -21"><span class='ocrx_word' id='word_1_115' title='bbox 786 3316 1026 3375; x_wconf 88' lang='lat' dir='ltr'>merata</span> <span class='ocrx_word' id='word_1_116' title='bbox 1054 3302 1326 3395; x_wconf 89' lang='lat' dir='ltr'>pecunia</span> <span class='ocrx_word' id='word_1_117' title='bbox 1365 3301 1569 3374; x_wconf 89' lang='lat' dir='ltr'>tenuit</span> <span class='ocrx_word' id='word_1_118' title='bbox 1610 3325 1682 3373; x_wconf 92' lang='lat' dir='ltr'>se</span> <span class='ocrx_word' id='word_1_119' title='bbox 1715 3325 1828 3393; x_wconf 92' lang='lat' dir='ltr'>pro</span> <span class='ocrx_word' id='word_1_120' title='bbox 1853 3315 2108 3393; x_wconf 86' lang='lat' dir='ltr'>pagato,</span> <span class='ocrx_word' id='word_1_121' title='bbox 2142 3305 2464 3391; x_wconf 87' lang='lat' dir='ltr'>quandam</span> <span class='ocrx_word' id='word_1_122' title='bbox 2496 3305 2813 3375; x_wconf 84' lang='lat' dir='ltr'>decimam</span> <span class='ocrx_word' id='word_1_123' title='bbox 2854 3327 3058 3377; x_wconf 82' lang='lat' dir='ltr'>suam</span> 
     </span>
     <span class='ocr_line' id='line_1_19' title="bbox 789 3413 3057 3508; baseline 0.002 -21"><span class='ocrx_word' id='word_1_124' title='bbox 789 3440 916 3489; x_wconf 98' lang='lat' dir='ltr'>non</span> <span class='ocrx_word' id='word_1_125' title='bbox 956 3419 1286 3488; x_wconf 83' lang='lat' dir='ltr'>afforatam</span> <span class='ocrx_word' id='word_1_126' title='bbox 1335 3418 1402 3486; x_wconf 92' lang='lat' dir='ltr'>in</span> <span class='ocrx_word' id='word_1_127' title='bbox 1431 3418 1657 3488; x_wconf 88' lang='lat' dir='ltr'>decem</span> <span class='ocrx_word' id='word_1_128' title='bbox 1695 3430 1761 3488; x_wconf 88' lang='lat' dir='ltr'>et</span> <span class='ocrx_word' id='word_1_129' title='bbox 1785 3430 2034 3507; x_wconf 89' lang='lat' dir='ltr'>septem</span> <span class='ocrx_word' id='word_1_130' title='bbox 2065 3430 2128 3487; x_wconf 91' lang='lat' dir='ltr'>et</span> <span class='ocrx_word' id='word_1_131' title='bbox 2167 3413 2433 3488; x_wconf 91' lang='lat' dir='ltr'>dimidio</span> <span class='ocrx_word' id='word_1_132' title='bbox 2491 3417 2773 3508; x_wconf 85' lang='lat' dir='ltr'>arpentis</span> <span class='ocrx_word' id='word_1_133' title='bbox 2821 3419 3057 3492; x_wconf 85' lang='lat' dir='ltr'>vinea-</span> 
     </span>
     <span class='ocr_line' id='line_1_20' title="bbox 786 3528 3055 3621; baseline 0.001 -19"><span class='ocrx_word' id='word_1_134' title='bbox 786 3553 928 3602; x_wconf 89' lang='lat' dir='ltr'>rum</span> <span class='ocrx_word' id='word_1_135' title='bbox 969 3529 1120 3601; x_wconf 92' lang='lat' dir='ltr'>sitis</span> <span class='ocrx_word' id='word_1_136' title='bbox 1158 3529 1222 3599; x_wconf 91' lang='lat' dir='ltr'>in</span> <span class='ocrx_word' id='word_1_137' title='bbox 1261 3531 1405 3601; x_wconf 88' lang='lat' dir='ltr'>loco</span> <span class='ocrx_word' id='word_1_138' title='bbox 1468 3528 1574 3621; x_wconf 90' lang='lat' dir='ltr'>qui</span> <span class='ocrx_word' id='word_1_139' title='bbox 1639 3529 1873 3601; x_wconf 88' lang='lat' dir='ltr'>dicitur</span> <span class='ocrx_word' id='word_1_140' title='bbox 1911 3532 2212 3602; x_wconf 88' lang='lat' dir='ltr'>Solereau</span> <span class='ocrx_word' id='word_1_141' title='bbox 2265 3553 2494 3604; x_wconf 87' lang='lat' dir='ltr'>versus</span> <span class='ocrx_word' id='word_1_142' title='bbox 2518 3532 2774 3602; x_wconf 91' lang='lat' dir='ltr'>ulmum</span> <span class='ocrx_word' id='word_1_143' title='bbox 2814 3533 3055 3605; x_wconf 83' lang='lat' dir='ltr'>Sancti</span> 
     </span>
     <span class='ocr_line' id='line_1_21' title="bbox 786 3643 3055 3729; baseline 0.001 -12"><span class='ocrx_word' id='word_1_144' title='bbox 786 3646 1046 3729; x_wconf 80' lang='lat' dir='ltr'>Auiani,</span> <span class='ocrx_word' id='word_1_145' title='bbox 1088 3658 1152 3717; x_wconf 90' lang='lat' dir='ltr'>et</span> <span class='ocrx_word' id='word_1_146' title='bbox 1182 3666 1413 3716; x_wconf 87' lang='lat' dir='ltr'>novem</span> <span class='ocrx_word' id='word_1_147' title='bbox 1452 3643 1697 3716; x_wconf 88' lang='lat' dir='ltr'>solidos</span> <span class='ocrx_word' id='word_1_148' title='bbox 1731 3666 1969 3715; x_wconf 90' lang='lat' dir='ltr'>census</span> <span class='ocrx_word' id='word_1_149' title='bbox 2024 3643 2253 3729; x_wconf 87' lang='lat' dir='ltr'>annui,</span> <span class='ocrx_word' id='word_1_150' title='bbox 2296 3647 2545 3717; x_wconf 75' lang='lat' dir='ltr'>duabus</span> <span class='ocrx_word' id='word_1_151' title='bbox 2572 3644 2925 3718; x_wconf 89' lang='lat' dir='ltr'>denariatis</span> <span class='ocrx_word' id='word_1_152' title='bbox 2984 3663 3055 3720; x_wconf 89' lang='lat' dir='ltr'>et</span> 
     </span>
     <span class='ocr_line' id='line_1_22' title="bbox 786 3756 3052 3852; baseline 0.001 -21"><span class='ocrx_word' id='word_1_153' title='bbox 786 3762 978 3831; x_wconf 82' lang='lat' dir='ltr'>obolo</span> <span class='ocrx_word' id='word_1_154' title='bbox 1018 3756 1255 3847; x_wconf 88' lang='lat' dir='ltr'>minus,</span> <span class='ocrx_word' id='word_1_155' title='bbox 1300 3782 1495 3852; x_wconf 88' lang='lat' dir='ltr'>super</span> <span class='ocrx_word' id='word_1_156' title='bbox 1536 3761 1798 3830; x_wconf 84' lang='lat' dir='ltr'>easdem</span> <span class='ocrx_word' id='word_1_157' title='bbox 1849 3759 2065 3830; x_wconf 87' lang='lat' dir='ltr'>vineas</span> <span class='ocrx_word' id='word_1_158' title='bbox 2104 3761 2327 3844; x_wconf 87' lang='lat' dir='ltr'>libera,</span> <span class='ocrx_word' id='word_1_159' title='bbox 2379 3758 2593 3851; x_wconf 82' lang='lat' dir='ltr'>quieta</span> <span class='ocrx_word' id='word_1_160' title='bbox 2631 3775 2696 3832; x_wconf 91' lang='lat' dir='ltr'>et</span> <span class='ocrx_word' id='word_1_161' title='bbox 2724 3759 3052 3835; x_wconf 89' lang='lat' dir='ltr'>immunia</span> 
     </span>
     <span class='ocr_line' id='line_1_23' title="bbox 787 3872 3053 3969; baseline 0.003 -26"><span class='ocrx_word' id='word_1_162' title='bbox 787 3876 865 3943; x_wconf 83' lang='lat' dir='ltr'>ab</span> <span class='ocrx_word' id='word_1_163' title='bbox 908 3874 1083 3945; x_wconf 92' lang='lat' dir='ltr'>omni</span> <span class='ocrx_word' id='word_1_164' title='bbox 1123 3872 1411 3945; x_wconf 87' lang='lat' dir='ltr'>dominio</span> <span class='ocrx_word' id='word_1_165' title='bbox 1450 3887 1514 3945; x_wconf 89' lang='lat' dir='ltr'>et</span> <span class='ocrx_word' id='word_1_166' title='bbox 1553 3877 1796 3945; x_wconf 87' lang='lat' dir='ltr'>honere</span> <span class='ocrx_word' id='word_1_167' title='bbox 1835 3887 1896 3946; x_wconf 91' lang='lat' dir='ltr'>et</span> <span class='ocrx_word' id='word_1_168' title='bbox 1947 3875 2233 3965; x_wconf 87' lang='lat' dir='ltr'>qualibet</span> <span class='ocrx_word' id='word_1_169' title='bbox 2278 3873 2634 3960; x_wconf 83' lang='lat' dir='ltr'>exactione,</span> <span class='ocrx_word' id='word_1_170' title='bbox 2679 3877 2804 3947; x_wconf 84' lang='lat' dir='ltr'>fide</span> <span class='ocrx_word' id='word_1_171' title='bbox 2856 3899 3053 3969; x_wconf 87' lang='lat' dir='ltr'>pres-</span> 
     </span>
     <span class='ocr_line' id='line_1_24' title="bbox 787 3985 3041 4080; baseline 0.002 -23"><span class='ocrx_word' id='word_1_172' title='bbox 787 3985 901 4059; x_wconf 91' lang='lat' dir='ltr'>tita</span> <span class='ocrx_word' id='word_1_173' title='bbox 923 3990 988 4058; x_wconf 93' lang='lat' dir='ltr'>in</span> <span class='ocrx_word' id='word_1_174' title='bbox 1021 4010 1213 4058; x_wconf 90' lang='lat' dir='ltr'>manu</span> <span class='ocrx_word' id='word_1_175' title='bbox 1254 4003 1469 4059; x_wconf 89' lang='lat' dir='ltr'>nostra</span> <span class='ocrx_word' id='word_1_176' title='bbox 1510 3986 1871 4080; x_wconf 87' lang='lat' dir='ltr'>promitens</span> <span class='ocrx_word' id='word_1_177' title='bbox 1903 3991 2077 4080; x_wconf 89' lang='lat' dir='ltr'>quod</span> <span class='ocrx_word' id='word_1_178' title='bbox 2107 3988 2276 4060; x_wconf 88' lang='lat' dir='ltr'>circa</span> <span class='ocrx_word' id='word_1_179' title='bbox 2305 3989 2543 4061; x_wconf 90' lang='lat' dir='ltr'>dictam</span> <span class='ocrx_word' id='word_1_180' title='bbox 2584 3990 3041 4063; x_wconf 89' lang='lat' dir='ltr'>venditionem</span> 
     </span>
     <span class='ocr_line' id='line_1_25' title="bbox 788 4101 3051 4193; baseline 0.002 -21"><span class='ocrx_word' id='word_1_181' title='bbox 788 4103 1002 4193; x_wconf 58' lang='lat' dir='ltr'>pet-”se</span> <span class='ocrx_word' id='word_1_182' title='bbox 1040 4105 1138 4173; x_wconf 89' lang='lat' dir='ltr'>vel</span> <span class='ocrx_word' id='word_1_183' title='bbox 1168 4125 1281 4193; x_wconf 88' lang='lat' dir='ltr'>per</span> <span class='ocrx_word' id='word_1_184' title='bbox 1319 4103 1482 4173; x_wconf 89' lang='lat' dir='ltr'>alios</span> <span class='ocrx_word' id='word_1_185' title='bbox 1521 4105 1822 4175; x_wconf 88' lang='lat' dir='ltr'>decetero</span> <span class='ocrx_word' id='word_1_186' title='bbox 1843 4126 1971 4175; x_wconf 94' lang='lat' dir='ltr'>non</span> <span class='ocrx_word' id='word_1_187' title='bbox 1998 4101 2236 4187; x_wconf 88' lang='lat' dir='ltr'>veniet,</span> <span class='ocrx_word' id='word_1_188' title='bbox 2267 4103 2465 4176; x_wconf 91' lang='lat' dir='ltr'>immo</span> <span class='ocrx_word' id='word_1_189' title='bbox 2497 4107 2577 4175; x_wconf 92' lang='lat' dir='ltr'>ad</span> <span class='ocrx_word' id='word_1_190' title='bbox 2607 4127 2764 4175; x_wconf 89' lang='lat' dir='ltr'>usus</span> <span class='ocrx_word' id='word_1_191' title='bbox 2793 4117 2861 4176; x_wconf 91' lang='lat' dir='ltr'>et</span> <span class='ocrx_word' id='word_1_192' title='bbox 2882 4128 3051 4177; x_wconf 92' lang='lat' dir='ltr'>con—</span> 
     </span>
     <span class='ocr_line' id='line_1_26' title="bbox 786 4216 3049 4311; baseline 0.001 -24"><span class='ocrx_word' id='word_1_193' title='bbox 786 4217 1163 4289; x_wconf 87' lang='lat' dir='ltr'>suetudines</span> <span class='ocrx_word' id='word_1_194' title='bbox 1201 4216 1698 4290; x_wconf 83' lang='lat' dir='ltr'>Aurelianenses</span> <span class='ocrx_word' id='word_1_195' title='bbox 1734 4217 1925 4291; x_wconf 90' lang='lat' dir='ltr'>dictis</span> <span class='ocrx_word' id='word_1_196' title='bbox 1965 4221 2366 4311; x_wconf 89' lang='lat' dir='ltr'>emptoribus</span> <span class='ocrx_word' id='word_1_197' title='bbox 2409 4217 2716 4311; x_wconf 80' lang='lat' dir='ltr'>legittime</span> <span class='ocrx_word' id='word_1_198' title='bbox 2755 4219 3049 4311; x_wconf 79' lang='lat' dir='ltr'>garanti-</span> 
     </span>
     <span class='ocr_line' id='line_1_27' title="bbox 785 4330 3050 4424; baseline 0.001 -23"><span class='ocrx_word' id='word_1_199' title='bbox 785 4344 908 4402; x_wconf 85' lang='lat' dir='ltr'>ret.</span> <span class='ocrx_word' id='word_1_200' title='bbox 941 4334 1036 4402; x_wconf 93' lang='lat' dir='ltr'>De</span> <span class='ocrx_word' id='word_1_201' title='bbox 1069 4330 1238 4403; x_wconf 90' lang='lat' dir='ltr'>dicta</span> <span class='ocrx_word' id='word_1_202' title='bbox 1267 4343 1481 4403; x_wconf 89' lang='lat' dir='ltr'>autem</span> <span class='ocrx_word' id='word_1_203' title='bbox 1513 4330 1879 4405; x_wconf 85' lang='lat' dir='ltr'>venditione</span> <span class='ocrx_word' id='word_1_204' title='bbox 1907 4336 2233 4405; x_wconf 85' lang='lat' dir='ltr'>Johanues</span> <span class='ocrx_word' id='word_1_205' title='bbox 2254 4332 2661 4424; x_wconf 85' lang='lat' dir='ltr'>Imperatoris</span> <span class='ocrx_word' id='word_1_206' title='bbox 2691 4347 2757 4406; x_wconf 92' lang='lat' dir='ltr'>et</span> <span class='ocrx_word' id='word_1_207' title='bbox 2792 4335 3050 4405; x_wconf 70' lang='lat' dir='ltr'>lohan-</span> 
     </span>
     <span class='ocr_line' id='line_1_28' title="bbox 788 4444 3047 4538; baseline 0.001 -22"><span class='ocrx_word' id='word_1_208' title='bbox 788 4467 906 4517; x_wconf 89' lang='lat' dir='ltr'>nes</span> <span class='ocrx_word' id='word_1_209' title='bbox 946 4445 1332 4528; x_wconf 79' lang='lat' dir='ltr'>Mercatoris,</span> <span class='ocrx_word' id='word_1_210' title='bbox 1369 4444 1632 4531; x_wconf 86' lang='lat' dir='ltr'>milites,</span> <span class='ocrx_word' id='word_1_211' title='bbox 1674 4459 1737 4518; x_wconf 87' lang='lat' dir='ltr'>et</span> <span class='ocrx_word' id='word_1_212' title='bbox 1768 4449 1910 4518; x_wconf 91' lang='lat' dir='ltr'>Odo</span> <span class='ocrx_word' id='word_1_213' title='bbox 1943 4446 2218 4536; x_wconf 87' lang='lat' dir='ltr'>Cointet‚</span> <span class='ocrx_word' id='word_1_214' title='bbox 2262 4446 2614 4519; x_wconf 90' lang='lat' dir='ltr'>canonicus</span> <span class='ocrx_word' id='word_1_215' title='bbox 2647 4450 3047 4538; x_wconf 80' lang='lat' dir='ltr'>Magdunen-</span> 
     </span>
     <span class='ocr_line' id='line_1_29' title="bbox 788 4558 3045 4653; baseline 0.002 -24"><span class='ocrx_word' id='word_1_216' title='bbox 788 4558 906 4644; x_wconf 87' lang='lat' dir='ltr'>sis,</span> <span class='ocrx_word' id='word_1_217' title='bbox 948 4561 1274 4651; x_wconf 86' lang='lat' dir='ltr'>perfidem</span> <span class='ocrx_word' id='word_1_218' title='bbox 1315 4561 1395 4630; x_wconf 83' lang='lat' dir='ltr'>ad</span> <span class='ocrx_word' id='word_1_219' title='bbox 1434 4562 1804 4631; x_wconf 90' lang='lat' dir='ltr'>mandatum</span> <span class='ocrx_word' id='word_1_220' title='bbox 1842 4574 1907 4633; x_wconf 92' lang='lat' dir='ltr'>et</span> <span class='ocrx_word' id='word_1_221' title='bbox 1948 4584 2175 4653; x_wconf 88' lang='lat' dir='ltr'>preces</span> <span class='ocrx_word' id='word_1_222' title='bbox 2201 4561 2353 4633; x_wconf 92' lang='lat' dir='ltr'>dicti</span> <span class='ocrx_word' id='word_1_223' title='bbox 2383 4561 2688 4653; x_wconf 88' lang='lat' dir='ltr'>Stephani</span> <span class='ocrx_word' id='word_1_224' title='bbox 2707 4566 2793 4633; x_wconf 88' lang='lat' dir='ltr'>Le</span> <span class='ocrx_word' id='word_1_225' title='bbox 2813 4566 3045 4635; x_wconf 88' lang='lat' dir='ltr'>Coche</span> 
     </span>
     <span class='ocr_line' id='line_1_30' title="bbox 787 4673 3027 4767; baseline 0.001 -21"><span class='ocrx_word' id='word_1_226' title='bbox 787 4695 858 4746; x_wconf 88' lang='lat' dir='ltr'>se</span> <span class='ocrx_word' id='word_1_227' title='bbox 894 4673 1141 4765; x_wconf 84' lang='lat' dir='ltr'>plegios</span> <span class='ocrx_word' id='word_1_228' title='bbox 1181 4686 1565 4746; x_wconf 88' lang='lat' dir='ltr'>statuerunt.</span> <span class='ocrx_word' id='word_1_229' title='bbox 1616 4677 1686 4745; x_wconf 93' lang='lat' dir='ltr'>ln</span> <span class='ocrx_word' id='word_1_230' title='bbox 1716 4679 1903 4767; x_wconf 87' lang='lat' dir='ltr'>cujus</span> <span class='ocrx_word' id='word_1_231' title='bbox 1932 4680 2028 4747; x_wconf 84' lang='lat' dir='ltr'>rei</span> <span class='ocrx_word' id='word_1_232' title='bbox 2063 4675 2436 4747; x_wconf 85' lang='lat' dir='ltr'>memoriam</span> <span class='ocrx_word' id='word_1_233' title='bbox 2465 4690 2527 4748; x_wconf 89' lang='lat' dir='ltr'>et</span> <span class='ocrx_word' id='word_1_234' title='bbox 2569 4676 3027 4749; x_wconf 87' lang='lat' dir='ltr'>testimonium</span> 
     </span>
    </p>
   </div>
  </div>
 </body>
</html>
