3485 5571
1736 672 1812 682 .-
1851 635 1972 700 200
2013 669 2092 683 .-

786 763 897 855 qui
949 762 1279 837 canonicis
1331 764 1439 857 qui
1514 762 1832 856 obsequio
1895 763 2260 835 intererunt
2314 763 2704 835 divident-r.
2745 764 2878 833 Has
2919 784 3034 832 au-

787 893 918 951 tem
954 881 1091 951 XX²¹
1130 880 1323 951 libras
1371 902 1569 971 super
1613 879 1906 951 redditus
1943 880 2091 950 illos
2129 901 2297 970 quos
2334 880 2416 949 ab
2449 879 2678 949 Odone
2714 877 2914 947 milite
2951 878 3033 946 de

788 996 1009 1086 Ruppe
1044 1007 1113 1065 et
1147 997 1334 1067 Petro
1364 993 1573 1065 milite
1609 995 1693 1064 de
1732 995 1916 1065 Bullo
1941 992 2224 1064 emimus
2270 994 2440 1084 apud
2481 995 2760 1075 Rullum,
2799 1005 2866 1062 et
2920 1012 3033 1060 su·

786 1130 902 1200 per
935 1121 1138 1179 terras
1175 1107 1480 1193 arabiles,
1519 1131 1681 1200 quas
1718 1131 1758 1178 a
1805 1110 2052 1199 majore
2085 1106 2360 1200 strepeti
2387 1106 2686 1177 similiter
2721 1103 3028 1187 emimus,

782 1220 1252 1348 assignavimus
1274 1245 1351 1295 ea
1375 1221 1753 1294 conditione
1774 1236 1869 1307 ut,
1909 1223 1966 1293 si
1995 1244 2342 1293 successor
2365 1219 2718 1312 episcopus
2748 1216 3036 1312 predicta

785 1358 913 1429 que
936 1335 1211 1429 propriis
1242 1336 1607 1429 sumptibus
1651 1335 2113 1427 acquisivimus
2149 1338 2392 1406 habere
2431 1334 2724 1416 voluerit,
2781 1333 3037 1424 predic·

788 1464 885 1522 tas
928 1453 1072 1521 XX‘¹
1102 1450 1295 1522 libras
1327 1453 1408 1522 ad
1450 1449 1753 1523 denarios
1790 1452 2127 1522 obolarum
2157 1450 2270 1542 qui
2319 1451 2386 1520 in
2425 1451 2864 1520 Pentecboste
2903 1448 3037 1517 sol-

788 1577 1023 1636 vuntur
1053 1578 1122 1637 et
1173 1564 1237 1635 iu
1279 1566 1479 1637 calice
1520 1567 1803 1637 ecclesie
1857 1564 2240 1656 assignabit.
2300 1566 2416 1634 Sin
2468 1577 2715 1647 autem,
2762 1558 3039 1633 ecclesia

788 1677 1005 1750 omnia
1034 1678 1319 1771 predicta
1346 1679 1632 1766 babebit,
1664 1702 1896 1751 omnes
1927 1677 2354 1751 obventiones
2390 1701 2519 1770 que
2555 1701 2633 1749 ex
2673 1677 2773 1748 eis
2809 1698 3039 1768 prove·

788 1792 969 1865 nient
997 1794 1095 1865 eis
1131 1793 1242 1886 qui
1279 1795 1719 1866 anniversario
1751 1808 1973 1865 nostro
2002 1792 2389 1877 intererunt,
2421 1791 2590 1864 sicut
2631 1803 3030 1884 pretaxatum

788 1921 914 1993 est,
968 1907 1409 1979 distributura.
1462 1913 1538 1980 Ut
1586 1922 1801 1979 autem
1851 1910 1976 1980 boc
2030 1906 2497 1979 inconcussum
2540 1918 2910 1998 permaneat
2976 1918 3045 1976 et

791 2035 1163 2115 perpetuam
1222 2025 1509 2094 obtineat
1571 2022 2016 2106 stabilitatem,
2078 2036 2447 2114 presentem
2501 2019 2799 2113 paginam
2846 2015 3039 2110 sigilli

789 2136 991 2208 nostri
1049 2135 1319 2207 fecimus
1383 2136 1738 2209 munimine
1826 2119 2135 2209 roborari.
2192 2141 2418 2208 Actum
2485 2157 2657 2207 anno
2722 2133 3042 2207 incarnati

794 2249 980 2322 Verbi
1010 2252 1295 2321 HCXCVI
1310 2303 1328 2319 .

1791 2592 2031 2652 vam

1754 2870 2092 2933 Juin1197

793 3104 1329 3177 Philippo-Auguste
1366 3110 1602 3160 consent
1643 3120 1757 3176 que
1804 3106 1859 3161 la
1906 3111 2054 3161 terre
2105 3113 2161 3161 et
2201 3106 2256 3161 la
2302 3107 2518 3162 maison
2560 3106 2631 3163 de
2679 3107 2734 3161 la
2780 3106 3048 3161 Gervaise

1050 3199 1264 3257 fassent
1290 3206 1484 3256 retour
1508 3217 1582 3256 au
1609 3200 1884 3273 chapitre,
1909 3201 1942 3255 a
1965 3200 2020 3256 la
2049 3208 2195 3257 mort
2225 3201 2293 3257 de
2321 3202 2572 3274 l‘eveque
2599 3202 2796 3258 Henri.

1418 3372 1596 3443 (Orig.
1628 3372 1799 3428 Arch.
1834 3371 1911 3428 du
1934 3372 2145 3428 Loiret.
2172 3372 2241 3428 G.
2266 3373 2417 3443 32¹).

888 3611 1240 3706 Philippus,
1276 3611 1390 3684 Dei
1450 3611 1649 3704 gratia
1708 3617 2099 3685 Francorum
2162 3635 2299 3698 rex,
2362 3612 2679 3684 universis
2736 3617 2815 3684 ad
2881 3636 3050 3704 quos

799 3740 1132 3819 presentes
1174 3727 1379 3797 littere
1419 3726 1831 3818 pervenerint
1856 3730 2154 3799 salutem.
2197 3726 2514 3799 Noveritis
2553 3725 2700 3818 quia
2751 3729 3051 3799 volumus

798 3844 972 3934 quod
1013 3854 1175 3912 terra
1205 3843 1286 3912 de
1313 3844 1608 3913 Gervasia
1634 3856 1699 3913 et
1740 3843 1974 3913 domus
2004 3844 2295 3933 ejusdem
2336 3841 2487 3924 loci,
2529 3853 2676 3932 post
2704 3843 3050 3914 decessum

798 3954 1119 4027 karissimi
1144 3954 1604 4047 consanguinei
1624 3956 1826 4027 nostri
1849 3958 2139 4041 Henrici,
2160 3960 2541 4032 venerabilis
2566 3959 3050 4031 Aurelianensis

797 4068 1110 4161 episcopi,
1153 4072 1231 4140 ad
1262 4070 1610 4161 capitulum
1651 4074 1885 4143 Sancte
1915 4074 2141 4144 Crucis
2180 4078 2471 4161 redeant,
2528 4072 2698 4146 sicut
2722 4072 2790 4144 in
2815 4071 3048 4144 litteris

797 4186 1174 4256 eorumdem
1208 4181 1495 4275 episcopi
1529 4196 1594 4254 et
1654 4185 1921 4276 capituli
1963 4188 2363 4273 continetur,
2404 4210 2555 4260 cum
2613 4190 2829 4280 ipsum
2869 4187 3049 4278 capi-

799 4301 1002 4371 tulum
1041 4296 1250 4370 eidem
1303 4299 1613 4390 episcopo
1678 4302 1800 4371 hec
1852 4304 1930 4371 ad
1974 4300 2161 4372 vitam
2214 4326 2398 4374 suam
2458 4317 2708 4374 tautum
2746 4304 3048 4373 habenda

800 4410 1223 4494 concesserit,
1265 4414 1437 4483 sicut
1500 4432 1575 4483 ex
1615 4414 1976 4486 assertione
2025 4417 2317 4507 ejusdem
2355 4414 2643 4508 episcopi
2674 4413 3043 4487 didicimus.

802 4530 1025 4597 Actum
1049 4523 1359 4612 parisius,
1393 4548 1562 4596 anno
1608 4526 1862 4597 Domini
1906 4532 2009 4599 MC
2042 4529 2462 4620 nonagesimo
2496 4529 2795 4621 septimo,
2819 4551 3046 4600 meuse

796 4660 1004 4730 Juuto.
