3485 5571
1826 629 2183 694 —300-

876 757 1184 826 Fontanis
1242 764 1439 826 totam
1501 753 1820 828 decimam
1882 754 2002 827 sibi
2080 757 2297 830 deberi
2351 760 2725 829 asserebant
2782 758 3097 829 occasione

873 871 1207 960 cujusdam
1240 867 1637 941 vendicionis
1682 893 1875 961 quam
1916 870 2012 941 eis
2051 875 2324 943 feceram
2359 873 2440 942 (16
2474 872 2724 942 decima
2766 886 2897 942 tam
2954 870 3101 941 bladi

868 1006 1060 1074 quam
1102 983 1227 1053 vini
1266 1006 1457 1075 quam
1487 982 1817 1075 percipere
1844 988 2129 1056 solebam
2159 983 2226 1055 in
2271 984 2603 1077 parrochia
2660 987 2740 1057 de
2793 982 3101 1067 Fontanis,

869 1119 990 1188 ego
1020 1110 1234 1169 autem
1273 1100 1442 1188 quod
1486 1111 1615 1169 tota
1657 1096 1906 1170 decima
1936 1097 2063 1169 vini
2121 1101 2202 1170 de
2264 1097 2454 1173 dictis
2500 1098 2707 1170 vineis
2763 1101 2927 1170 meis
2985 1120 3106 1168 mea

871 1224 1006 1282 erat
1040 1213 1107 1281 in
1147 1211 1536 1283 contrarium
1578 1215 1977 1284 asserebam.
2030 1216 2315 1284 Tandem
2357 1215 2438 1285 (16
2494 1215 2808 1285 bonorum
2850 1215 3108 1284 virorum

873 1326 1147 1399 consilio
1181 1348 1401 1398 coram
1439 1326 1788 1399 venerabili
1829 1341 2006 1419 patre
2070 1327 2393 1420 Philippo,
2464 1326 2908 1400 Aurelianensi
2955 1325 3107 1418 epis·

874 1463 1065 1532 copo,
1099 1440 1163 1510 in
1197 1444 1342 1532 jure
1372 1439 1718 1532 recognovi
1758 1443 1933 1532 quod
1983 1442 2143 1511 dicti
2195 1443 2482 1513 decanus
2522 1456 2585 1512 et
2636 1441 2987 1535 capitulum
3051 1439 3107 1509 in

871 1554 1041 1626 dicta
1070 1557 1263 1627 domo
1303 1578 1419 1625 sua
1458 1556 1538 1626 de
1563 1553 1869 1627 Fontanis
1897 1558 1974 1626 ad
2006 1553 2455 1647 pressorianda
2492 1554 2710 1627 ascina
2773 1578 2889 1627 sua
2948 1575 3112 1645 pres·

871 1668 1112 1740 sorium
1173 1684 1621 1742 construerere
1665 1668 1865 1743 libere
1896 1682 2191 1761 poterant
2231 1682 2294 1741 et
2345 1671 2609 1755 habere,
2664 1684 2729 1741 6(
2793 1670 2965 1761 quod
2996 1681 3114 1738 tota

870 1782 1119 1857 decima
1151 1783 1278 1855 vini
1317 1786 1397 1857 de
1428 1783 1633 1856 vineis
1663 1807 1825 1877 quas
1863 1787 2177 1857 habebam
2218 1784 2282 1855 in
2325 1783 2655 1876 parrochia
2695 1786 2778 1857 de
2817 1780 3110 1856 Fontanis

870 1901 952 1970 ad
993 1898 1202 1971 dictos
1230 1899 1547 1971 decanum
1591 1911 1656 1971 et
1702 1899 2052 1991 capitulum
2112 1897 2253 1971 sine
2312 1897 2584 1991 alicujus
2645 1897 3116 1992 participatione

880 2015 1263 2105 pertinebat.
1303 2015 1568 2086 Prefatis
1607 2012 1875 2107 insuper
1935 2017 2181 2087 decano
2219 2028 2282 2087 et
2325 2011 2605 2107 capitulo
2645 2011 2707 2083 in
2750 2024 3112 2106 perpetuam

873 2128 1292 2201 elemosinam
1330 2126 1477 2200 dedi
1515 2142 1767 2220 septem
1805 2143 2069 2220 arpenta
2108 2140 2275 2201 terre
2304 2150 2450 2201 mee
2488 2126 2554 2199 in
2594 2125 2913 2201 territorio
2951 2124 3114 2218 quod

876 2247 1121 2316 Boscus
1160 2241 1422 2314 Borrelli
1482 2258 1892 2335 nuncupatur
1927 2242 2248 2328 sita,cum
2308 2241 2480 2313 omni
2528 2244 2699 2335 jure,
2746 2240 3001 2334 justicia
3056 2253 3115 2311 6(

872 2356 1166 2428 districtu
1206 2379 1330 2449 que
1373 2355 1435 2427 in
1472 2357 1717 2429 eisdem
1757 2360 2096 2443 habebam,
2137 2360 2224 2429 ita
2265 2360 2436 2447 quod
2475 2357 2537 2427 in
2591 2356 2839 2428 eisdem
2874 2368 3111 2447 septem

871 2471 1157 2563 arpentis
1196 2494 1318 2562 ego
1357 2473 1455 2542 vel
1494 2473 1768 2542 heredes
1808 2469 1932 2542 mei
1973 2471 2173 2542 nichil
2198 2469 2359 2562 juris
2400 2470 2655 2561 penitus
2698 2476 2887 2543 modo
2910 2469 3111 2559 aliquo

871 2585 1224 2677 poterimus
1252 2586 1624 2656 reclamare.
1671 2586 1979 2657 Concessi
2019 2585 2209 2656 etiam
2251 2587 2333 2655 ob
2384 2582 2596 2656 anime
2633 2607 2778 2656 mee
2827 2599 2890 2656 et
2943 2596 3111 2654 ante·

870 2723 1204 2772 cessorum
1247 2721 1537 2770 meorum
1569 2701 1925 2770 remedium
1959 2697 2260 2790 sepefatis
2290 2701 2534 2770 decano
2565 2713 2628 2769 et
2654 2698 2930 2791 capitulo
2950 2697 3110 2789 quod

871 2817 1213 2888 carissima
1251 2814 1444 2886 amita
1480 2837 1646 2897 mea,
1689 2812 1950 2885 domina
1976 2818 2218 2908 Elyota,
2254 2837 2377 2905 que
2416 2812 2709 2885 ascinum
2740 2837 2927 2885 suum
2950 2811 3107 2904 quod

869 2931 928 3000 ei
968 2927 1384 3020 proveniebat
1420 2950 1493 2999 ex
1541 2927 1832 3019 portione
1871 2950 1986 2999 sua
2011 2950 2203 3019 quam
2244 2929 2435 2999 habet
2483 2927 2547 2996 in
2588 2929 2839 2998 decima
2878 2927 3004 2997 vini
3037 2925 3109 2993 de

870 3040 1171 3113 Fontanis
1204 3043 1285 3112 ad
1314 3041 1705 3133 pressorium
1739 3044 1909 3132 quod
1942 3043 2004 3111 in
2046 3044 2269 3113 eadem
2311 3039 2453 3111 villa
2484 3044 2691 3112 habeo
2732 3038 3107 3132 pressoriare

868 3158 1232 3238 tenebatur,
1275 3153 1518 3226 dictum
1568 3154 1862 3226 ascinum
1924 3157 2156 3227 amodo
2229 3157 2626 3246 pressoriare
2685 3167 2979 3226 teneatur
3034 3152 3104 3221 ad

868 3270 1227 3361 presorium
1264 3271 1437 3359 quod
1478 3267 1541 3338 in
1583 3269 1727 3339 villa
1771 3270 1852 3339 de
1910 3272 2217 3340 Fontanis
2272 3291 2307 3339 a
2374 3267 2679 3360 sepefatis
2758 3270 3001 3339 decano
3049 3277 3107 3335 et

868 3386 1152 3479 capitulo
1170 3400 1583 3458 construetur
1604 3399 1670 3458 et
1700 3385 1999 3458 similiter
2021 3388 2292 3458 heredes
2319 3388 2460 3478 ejus
2487 3398 2632 3478 post
2660 3384 2892 3477 ipsam,
2924 3382 3105 3454 dictis

869 3502 1114 3572 decano
1154 3514 1218 3571 et
1256 3498 1536 3592 capitulo
1575 3502 1833 3573 easdem
1872 3500 2293 3573 redibitiones
2326 3523 2439 3591 pro
2477 3499 2922 3591 preparatione
2954 3491 3102 3567 dicti

867 3612 1068 3685 ascini
1109 3611 1207 3685 sui
1248 3612 1518 3685 soluturi
1558 3637 1717 3705 quas
1753 3613 1944 3685 michi
1975 3616 2043 3683 in
2080 3610 2401 3706 pressorio
2437 3635 2582 3684 meo
2615 3616 2924 3684 hactenus
2974 3630 3106 3703 per·

840 3728 1222 3808 solverunt,
1274 3742 1337 3797 et
1398 3730 1569 3817 quod
1613 3726 1792 3818 ipsos
1839 3730 2376 3817 quandocumque
2428 3748 2502 3798 ex
2556 3740 2738 3817 parte
2801 3723 3104 3796 dictorum

868 3839 1094 3911 decani
1130 3854 1196 3911 6(
1229 3838 1490 3930 capituli
1521 3842 1704 3912 suero
1745 3840 2094 3930 requisitus
2134 3839 2414 3931 quandiu
2457 3839 2865 3930 supervivero
2919 3840 2995 3908 ad
3044 3836 3100 3904 id

868 3951 1230 4026 laciendum
1269 3956 1678 4042 compellam,
1711 3965 1778 4025 et
1818 3956 1992 4045 quod
2041 3977 2076 4024 a
2131 3953 2277 4024 filiis
2334 3967 2402 4024 et
2455 3952 2705 4023 filiabus
2751 3952 2914 4022 meis
2944 3962 3107 4042 post-

865 4091 1057 4159 quam
1115 4070 1194 4139 ad
1252 4081 1491 4139 etatem
1551 4067 1895 4139 duodecim
1957 4090 2272 4139 annorum
2340 4070 2432 4138 vel
2465 4067 2952 4159 quatuordecim
3015 4082 3107 4133 me

866 4181 1116 4254 vivente
1169 4182 1580 4273 pervenerint
1612 4181 1828 4253 omnia
1867 4180 2234 4275 supradicta
2295 4179 2538 4251 laudari
2592 4180 2814 4250 faciam
2855 4192 2921 4251 et
2960 4200 3104 4249 con·

867 4298 1037 4369 cedi.
1081 4300 1388 4366 Thomam
1427 4298 1505 4366 de
1571 4294 1932 4367 Molendino
1982 4318 2174 4377 novo,
2239 4300 2496 4365 Petrum
2557 4297 2636 4365 de
2690 4292 3104 4364 Bauziaco‘et

864 4411 1282 4504 Raginaldum
1323 4414 1403 4481 de
1440 4410 1697 4493 Estival‚
1744 4412 2009 4499 milite8‚
2052 4410 2370 4482 Robinum
2413 4414 2685 4494 fabrum,
2742 4407 3098 4478 Gausridum

869 4528 948 4597 de
990 4529 1045 4595 la
1085 4527 1454 4612 Fontenele,
1495 4531 1854 4599 Jobannem
1896 4530 1974 4598 de
2012 4531 2341 4617 Plesseyo‚
2408 4528 2729 4597 Galterum
2785 4527 2865 4594 de
2926 4526 3102 4613 Have,

869 4639 1234 4710 Gaul'ridum
1295 4641 1374 4709 de
1428 4643 1600 4712 Haon
1673 4656 1738 4712 6(
1800 4644 2097 4713 Odonem
2164 4643 2243 4712 de
2305 4643 2634 4712 Chatellon
2710 4640 3107 4729 fideiussores
