3485 5571
1332 631 1563 695 —361
1616 666 1691 678 -

372 782 522 832 vem
566 757 864 851 siliginis,
923 782 1087 850 quos
1143 758 1267 850 ipsi
1308 760 1389 829 de
1425 760 1677 831 Oliveto
1731 761 2049 830 habebant
2117 760 2518 830 reddituales
2567 763 2636 831 in

377 873 665 965 minagio
719 873 1120 964 Balgenciaci
1187 896 1301 965 pro
1383 873 1637 965 triginta
1702 874 1881 944 libris
1957 872 2442 965 parisiensium,
2516 897 2636 946 nos

374 988 620 1059 dictam
677 986 1114 1060 venditionem
1168 1001 1370 1059 ratam
1426 1001 1492 1059 et
1530 990 1773 1058 firmam
1835 985 2204 1071 habuimus,
2248 987 2628 1079 promitten-

373 1116 476 1175 tes
512 1104 687 1194 quod
718 1115 943 1173 contra
984 1124 1059 1173 ea
1087 1124 1434 1193 numquam
1463 1105 1765 1174 decetero
1804 1099 2164 1173 veniemus,
2206 1106 2273 1171 ln
2315 1104 2501 1194 cujus
2526 1103 2620 1173 rei

373 1214 826 1288 testimonium
893 1218 972 1287 ad
1035 1215 1430 1308 peticionem
1504 1215 1826 1288 dictorum
1878 1214 2127 1286 abbatis
2169 1229 2234 1287 et
2271 1230 2629 1288 conventus

373 1329 573 1402 dictis
627 1333 872 1402 decano
923 1344 987 1402 et
1030 1331 1315 1421 capitulo
1382 1342 1720 1422 presentes
1762 1333 2011 1401 litteras
2060 1331 2385 1413 dedimus,
2429 1329 2626 1422 sigilli

371 1442 583 1517 nostri
634 1444 986 1517 munimine
1044 1448 1398 1516 roboratas.
1441 1450 1674 1517 Datum
1726 1467 1896 1516 anno
1957 1442 2211 1516 Domini
2252 1448 2612 1529 MCCLXHI,

374 1581 609 1630 mense
641 1557 826 1650 julio.

1339 1922 1647 1985 CCLXVll

1209 2222 1595 2301 Septembre
1644 2220 1800 2284 1243

571 2474 752 2530 Vente
789 2490 860 2530 au
887 2474 1138 2546 chapitre
1167 2490 1311 2546 pour
1332 2472 1369 2529 4
1395 2474 1564 2529 livres
1592 2474 1793 2546 parisis
1821 2476 1891 2532 de
1910 2477 1946 2531 4
1973 2477 2156 2533 mines
2186 2477 2257 2533 de
2277 2484 2427 2534 terre

1333 2571 1365 2625 a
1394 2571 1599 2626 Hunau
1621 2571 1661 2626 ¹.

836 2716 1020 2789 (Or-ig.
1054 2733 1102 2773 s.
1135 2715 1325 2788 parch.
1360 2716 1530 2772 Arch.
1566 2716 1642 2772 du
1671 2717 1880 2788 Loiret‚
1913 2719 1978 2773 G.
2011 2718 2162 2788 329.)

449 2957 775 3033 Omnibus
807 2971 1144 3049 presentes
1184 2957 1429 3030 litteras
1459 2957 1849 3050 inspecturis
1870 2960 2167 3032 officialis
2206 2961 2618 3036 Aurelianen-

362 3073 452 3146 sis
490 3076 772 3146 salutem
812 3071 878 3142 in
908 3071 1212 3144 Domino.
1252 3071 1555 3144 Noverint
1590 3072 1871 3144 universi
1911 3076 2081 3164 quod
2123 3074 2457 3147 constituti
2507 3100 2616 3149 co-

359 3210 490 3260 ram
525 3185 722 3259 nobis
759 3188 1331 3277 lohannes,gener
1369 3187 1652 3256 defuncti
1693 3185 2025 3278 Raginaldi
2056 3190 2353 3273 Bordier,
2400 3205 2465 3262 et
2500 3195 2615 3264 Se-

360 3305 507 3378 billa
539 3306 686 3397 ejus
725 3326 905 3388 uxor,
966 3306 1332 3395 Stephanus
1361 3303 1751 3390 Lormerius,
1792 3308 2107 3390 lohanna,
2140 3308 2281 3398 eju's
2322 3330 2500 3393 uxor,
2546 3323 2615 3381 et

361 3420 580 3503 Maria,
620 3421 844 3491 relicta
879 3416 1207 3510 Baginaldi
1247 3417 1561 3501 Bertheri,
1608 3441 1794 3490 soror
1837 3418 1984 3491 dicti
2019 3420 2352 3512 Stephani,
2388 3425 2616 3494 vendi-

360 3535 597 3605 derunt
650 3532 908 3625 penitus
945 3548 1009 3603 et
1049 3532 1115 3603 in
1157 3545 1538 3625 perpetuum
1580 3530 1988 3622 quitaverunt
2025 3547 2298 3624 quatuor
2337 3536 2613 3610 minatas

362 3646 757 3718 seminatore
786 3659 954 3718 terre
984 3649 1065 3717 ad
1104 3668 1475 3717 mensuram
1504 3647 2030 3717 Aurelianensem
2052 3669 2247 3737 quam
2270 3670 2343 3720 se
2370 3652 2613 3723 habere

362 3758 851 3850 dicebantapud
894 3759 1189 3831 Unolium
1228 3759 1294 3830 in
1327 3759 1584 3832 censiva
1613 3764 1845 3832 Sancte
1886 3759 2108 3832 Crucis
2135 3763 2611 3836 Aurelianensis

362 3872 545 3959 sitas,
589 3896 707 3965 pro
731 3888 1003 3965 quatuor
1034 3872 1218 3944 libris
1250 3873 1726 3966 parisiensium,
1773 3877 1852 3946 de
1888 3873 2122 3965 quibus
2152 3898 2224 3947 se
2265 3876 2612 3949 tenuerunt

363 4009 577 4060 coram
610 3986 800 4059 nohis
839 3987 1086 4079 integre
1120 4012 1235 4081 pro
1263 3990 1532 4080 pagetis,
1577 3987 1733 4060 viris
1761 3988 2233 4061 venerabilibus
2259 3993 2503 4064 decano
2544 4005 2608 4064 et

363 4102 643 4194 capitulo
703 4101 1265 4174 Aurelianensibus
1319 4127 1337 4188 ;
1380 4115 1441 4173 et
1484 4101 1919 4193 promiserunt
1972 4103 2124 4176 dicti
2162 4108 2492 4177 lohannes
2537 4120 2602 4178 et

364 4218 600 4287 Sebilla
631 4216 772 4307 ejus
810 4239 966 4288 uxor
992 4229 1057 4288 et
1089 4215 1242 4287 dicti
1277 4219 1642 4308 Stephanus
1676 4236 1741 4287 et
1778 4220 2064 4289 lohanna
2104 4216 2313 4308 ipsius
2352 4242 2508 4291 uxor
2541 4232 2610 4291 et

364 4332 530 4404 dicta
583 4330 769 4404 Maria
824 4356 935 4424 per
973 4334 1163 4404 fidem
1206 4332 1268 4402 in
1329 4355 1523 4404 manu
1576 4346 1797 4404 nostra
1866 4338 2201 4425 prestitam
2253 4357 2449 4427 super
2484 4338 2607 4407 hoc

433 4645 451 4679 ¹
488 4646 747 4702 Paroinse
776 4647 847 4702 de
873 4646 1016 4720 Gidy
1037 4647 1289 4719 (Loiret).
