3485 5571
1799 678 2156 764 -502-

1779 994 2098 1058 CCCLXVI
2107 996 2152 1056 11

1722 1191 1762 1251 4
1786 1190 2027 1255 sevrier
2060 1190 2219 1254 1297

841 1368 921 1425 Le
952 1368 1207 1440 chapitre
1234 1368 1305 1424 de
1329 1368 1490 1426 Saint
1524 1370 1652 1425 Avit
1696 1369 1986 1425 d'Orleans
2016 1370 2247 1426 amortit
2274 1371 2306 1427 ὲ
2346 1371 2729 1428 Sainte-Croix
2775 1371 2829 1426 la
2875 1370 3098 1426 maison

913 1481 1023 1538 que
1039 1481 1103 1521 ce
1124 1464 1350 1521 dernier
1364 1466 1617 1537 chapitre
1638 1483 1670 1521 a
1697 1466 1933 1538 acquise
1961 1466 2102 1522 dans
2134 1467 2186 1522 le
2202 1467 2398 1522 cloltre
2418 1468 2487 1523 de
2507 1467 2820 1525 saint-Avit
2850 1467 3105 1522 der-viere

913 1561 969 1618 la
995 1561 1213 1618 maison
1246 1563 1344 1616 des
1370 1562 1549 1617 freres
1579 1562 1648 1618 de
1679 1562 2062 1629 Grandmont,
2095 1563 2126 1617 a
2157 1563 2439 1619 condition
2460 1564 2628 1636 qu'ils
2655 1564 2849 1635 paient
2877 1563 2933 1618 le
2965 1579 3104 1618 cens

913 1658 1123 1714 annuel
1154 1658 1224 1714 de
1243 1657 1275 1711 4
1303 1657 1546 1728 demere,
1576 1664 1632 1714 et
1655 1658 1727 1715 12
1758 1675 1893 1714 sous
1919 1659 2120 1730 parisis
2149 1659 2220 1714 de
2248 1660 2593 1716 relevoisons
2620 1660 2926 1723 abonnees,
2958 1674 3103 1731 pour

909 1754 1213 1828 lesquelles
1242 1771 1369 1811 sera
1397 1748 1629 1810 nomme
1672 1772 1751 1811 un
1796 1755 2022 1811 vicaire.
2065 1754 2371 1813 Saint·Avit
2421 1772 2632 1828 pourra
2676 1756 2945 1827 aequet-ir
2995 1770 3100 1809 aux

908 1854 1123 1908 memes
1143 1851 1461 1909 conditions
1490 1850 1589 1907 des
1618 1851 1781 1907 biens
1835 1852 1905 1908 de
1955 1850 2141 1907 meme
2164 1851 2358 1907 valeur
2397 1870 2468 1908 en
2512 1853 2734 1908 censive
2784 1851 2857 1907 de
2887 1851 3100 1908 Sainte-

908 1947 1098 2005 σωκ.
1300 2036 1474 2110 (Orig.
1508 2054 1556 2096 s.
1600 2037 1795 2108 parch.
1825 2038 2002 2093 Arch.
2030 2037 2108 2094 du
2139 2039 2348 2095 Loiret.
2382 2039 2446 2096 G.
2470 2038 2632 2110 268.)

928 2202 1252 2275 Universis
1316 2216 1653 2296 presentes
1702 2202 1947 2276 litteras
1994 2203 2384 2297 inspecturis
2421 2203 2773 2296 capitulum
2813 2207 3098 2277 ecclesie

837 2316 1051 2389 Sancti
1092 2316 1250 2389 Aviti
1291 2317 1767 2390 Aurelianensis
1791 2321 2064 2391 salutem
2107 2320 2171 2389 in
2201 2322 2503 2391 Domino.
2547 2320 2776 2391 Notum
2821 2319 3096 2391 facimus

834 2435 1006 2525 quod
1043 2455 1191 2504 cum
1243 2431 1641 2504 venerabiles
1694 2430 1809 2504 viri
1873 2446 1937 2505 et
1994 2434 2258 2505 discreti
2312 2437 2596 2505 decanus
2634 2448 2698 2505 et
2739 2434 3093 2525 capitulum

834 2545 1313 2619 Aurelianensis
1370 2547 1649 2619 ecclesie
1706 2545 2187 2638 acquisiverunt
2226 2551 2563 2639 quamdam
2605 2551 2870 2619 domum
2902 2548 3091 2620 sitam

833 2663 901 2731 in
964 2660 1247 2732 claustro'
1304 2668 1531 2732 nostro
1583 2675 1648 2732 et
1707 2664 1969 2733 censiva
2030 2676 2248 2733 nostra
2287 2678 2456 2733 retro
2506 2665 2770 2733 domum
2812 2666 3079 2734 fratrum

832 2777 1079 2850 ordinis
1109 2770 1732 2863 Grandimontensis,
1760 2801 1875 2869 pro
1901 2799 2023 2868 qua
2051 2778 2243 2847 domo
2267 2774 2453 2848 nobis
2476 2780 2792 2850 debentur
2820 2794 3094 2869 quatuor

833 2890 1075 2964 denarii
1134 2915 1372 2963 census
1429 2890 1626 2963 annui
1686 2903 1753 2961 et
1808 2890 2233 2963 relevationes
2308 2915 2454 2963 cum
2521 2891 2903 2979 obveniunt,
2968 2916 3091 2985 que

831 3021 982 3079 sunt
1027 3005 1346 3079 adbonate
1406 3008 1483 3077 ad
1535 3005 1881 3077 duodecim
1912 3003 2155 3077 solidos
2188 3003 2636 3098 parisiensium
2679 3010 2757 3077 ab
2795 3009 3085 3100 antiquo,

832 3143 952 3191 nos
991 3121 1289 3191 volumus
1318 3131 1384 3191 et
1421 3117 1845 3191 concedimus
1871 3120 2043 3210 quod
2085 3120 2243 3189 dicti
2272 3120 2676 3189 venerabiles
2702 3118 2814 3189 viri
2847 3122 3082 3191 dictam

830 3236 1093 3306 domum
1158 3248 1465 3326 perpetuo
1522 3248 1785 3305 teneant
1836 3233 1899 3304 in
1952 3257 2142 3305 manu
2186 3248 2462 3315 mortua,
2525 3235 2836 3304 solvendo
2897 3231 3080 3303 nobis

828 3371 1095 3421 censum
1137 3361 1425 3439 tempore
1465 3346 1683 3419 debito
1722 3353 1788 3418 e't
1841 3347 2264 3418 relevationes
2299 3349 2653 3417 adbonatas
2692 3369 2841 3417 cum
2883 3349 3077 3418 obve-

832 3462 1043 3534 nerint
1080 3485 1155 3533 ac
1195 3461 1587 3533 nominando
1617 3461 1806 3531 nobis
1848 3459 2154 3531 vicarium
2190 3484 2304 3552 pro
2329 3462 2579 3532 eadem.
2606 3464 2681 3531 Et
2704 3458 2855 3532 dicti
2898 3482 3083 3531 vene·

832 3577 1065 3648 rabiles
1126 3575 1244 3647 viri
1314 3576 1500 3646 nobis
1561 3588 2030 3646 concesserunt
2091 3576 2265 3666 quod
2323 3597 2444 3645 nos
2507 3574 2918 3664 acquiramus
2954 3597 3080 3645 rem

830 3692 1120 3783 ejusdem
1163 3693 1399 3761 valoris
1456 3687 1519 3759 in
1579 3691 1841 3760 censiva
1895 3690 2298 3776 eorumdem,
2325 3691 2678 3760 dummodo
2718 3711 2833 3780 pro
2887 3687 2990 3761 illa
3020 3709 3081 3758 re

831 3828 1019 3897 quam
1048 3807 1111 3875 in
1151 3801 1408 3875 censiva
1433 3806 1806 3874 eorumdem
1839 3802 2375 3893 acquisiverimus
2396 3825 2524 3873 non
2549 3805 2908 3874 debeantur
2932 3803 3084 3874 rele-

831 3919 1119 3992 vationes
1159 3919 1544 3990 excedentes
1608 3939 1924 3987 summam
1965 3916 2311 3988 duodecim
2357 3916 2709 3988 solidorum
2741 3938 2931 4008 quam
2973 3939 3084 3987 nos

834 4033 1197 4106 tenebimus
1222 4030 1286 4101 in
1330 4054 1589 4101 manum
1620 4045 1967 4113 mortuam,
2004 4030 2247 4102 eisdem
2279 4032 2589 4108 solvendo
2618 4052 2887 4102 censum
2929 4044 3083 4101 tem·

832 4171 986 4240 pore
1031 4147 1248 4218 debito
1277 4157 1343 4215 et
1381 4143 1815 4215 relevaciones
1849 4146 2205 4216 adbonatas
2244 4167 2391 4215 cum
2444 4145 2853 4227 obvenerint,
2882 4168 2958 4216 ac
2995 4143 3083 4215 eis

831 4260 1136 4335 vicarium
1171 4259 1585 4331 nominando.
1622 4261 1694 4328 Et
1726 4280 1845 4328 nos
1885 4260 2053 4329 bona
2093 4259 2217 4328 fide
2244 4258 2683 4348 promittimus
2708 4274 2932 4331 contra
2962 4281 3081 4329 non

834 4375 1074 4448 venire.
1127 4379 1197 4446 ln
1224 4377 1408 4466 cujus
1447 4374 1538 4445 rei
1582 4371 2024 4444 testimonium
2064 4372 2475 4463 presentibus
2526 4371 2756 4444 litteris
2809 4372 3080 4464 sigillum

833 4490 1035 4562 nostri
1095 4487 1354 4580 capituli
1409 4489 1709 4558 duximus
1766 4487 2252 4577 apponendum.
2327 4489 2555 4557 Datum
2597 4510 2768 4557 anno
2833 4485 3083 4558 Domini

835 4608 990 4676 MCC
1045 4602 1460 4694 nonagesimo
1523 4614 1729 4684 sexto,
1790 4599 1894 4670 die
1946 4602 2097 4670 lune
2152 4616 2295 4691 post
2339 4599 2865 4672 Purificacionem
2907 4603 3083 4671 beate

834 4717 1018 4792 Marie
1051 4716 1357 4808 Virginis,
1402 4737 1627 4787 meuse
1653 4711 1997 4785 lebruario.
