3485 5571
1342 707 1697 771 —473—

357 854 525 904 sam
568 831 955 905 habentibus
993 835 1073 905 ad
1100 856 1261 905 usus
1289 848 1355 906 et
1406 833 1914 906 consuetudines
1951 831 2442 931 Aurelianenses
2483 855 2642 904 con-

359 959 473 1018 tra
547 950 930 1032 Johannam,
972 950 1263 1039 ejusdem
1306 950 1570 1039 Agnetis
1606 946 1828 1033 filiam,
1886 961 1950 1019 et
2001 946 2193 1019 etiam
2241 959 2465 1019 contra
2501 969 2640 1018 om-

358 1082 536 1145 uez,
585 1071 759 1135 etc...
809 1065 1044 1133 Datum
1092 1085 1262 1133 anno
1330 1061 1586 1134 Domini
1652 1061 2001 1134 millesimo
2075 1062 2172 1132 CC
2243 1059 2642 1153 octogesimo

356 1172 606 1257 tertio,
640 1177 750 1247 die
789 1173 1093 1247 mercurii
1120 1188 1267 1268 post
1304 1176 1886 1249 Annuntiacionem
1925 1173 2352 1259 Dominicam,
2419 1197 2642 1248 mense

361 1287 657 1361 marcio.
2212 1297 2411 1361 Anu.

1398 1608 1640 1671 CCCLV

1121 1922 1322 1995 Par-13,
1369 1919 1720 1985 decembre
1764 1920 1923 1985 1286

372 2172 653 2244 Philippo
678 2172 731 2228 le
754 2172 854 2229 Bel
882 2173 1127 2229 autorise
1154 2172 1208 2229 le
1237 2173 1489 2246 chapltre
1525 2176 1558 2229 ὲ
1586 2175 1847 2247 aequet-ir
1866 2175 2007 2231 dans
2049 2176 2133 2231 les
2180 2175 2305 2233 fisis
2331 2181 2388 2232 et
2414 2177 2648 2232 arriere-

453 2267 589 2323 fiefs
636 2267 712 2323 du
739 2269 846 2335 roi,
877 2268 1012 2325 liors
1047 2270 1116 2327 de
1163 2270 1218 2326 la
1267 2269 1395 2352 ville
1428 2269 1742 2340 d’OrleanS,
1778 2271 1850 2327 20
1879 2272 2045 2327 livres
2095 2273 2297 2344 parisis
2348 2272 2418 2328 de
2465 2281 2644 2329 rente.

452 2365 742 2434 (Vidimus
789 2366 868 2421 du
910 2366 943 2420 7
973 2365 1198 2421 octobre
1215 2366 1399 2433 1295).

856 2513 1029 2586 (Orig.
1064 2531 1110 2573 S.
1158 2515 1348 2586 perch.
1378 2515 1552 2570 Arch.
1582 2515 1658 2571 du
1688 2516 1896 2573 Loiret.
1932 2517 1996 2573 G.
2020 2515 2179 2588 944.)

477 2766 529 2832 Α
591 2774 735 2832 touz
790 2784 946 2834 oeus
994 2761 1103 2855 qui
1151 2777 1407 2834 verront
1471 2784 1581 2833 ces
1660 2775 1993 2853 presentes
2061 2764 2253 2833 letres
2290 2760 2647 2835 Guillaume

378 2874 606 2960 Tibot‚
657 2880 850 2968 garde
908 2879 986 2948 de
1035 2880 1093 2948 la
1132 2880 1392 2969 prevete
1445 2879 1524 2947 de
1717 2879 1885 2947 salut
1946 2898 2027 2946 en
2077 2881 2267 2949 Notre
2306 2876 2642 2969 Seigneur.

381 2993 701 3062 Saichent
742 2993 864 3061 tuit
900 3014 1023 3082 que
1077 3013 1223 3074 noS,
1267 2993 1390 3061 l'an
1453 2993 1532 3062 de
1569 2995 1760 3061 Notre
1803 2987 2139 3080 Seignieur
2175 2992 2286 3061 mil
2328 2994 2424 3062 CC
2455 2995 2555 3063 llll
2595 3001 2647 3031 ¹¹

380 3120 453 3176 et
524 3104 777 3196 quinze‚
840 3108 899 3176 le
965 3106 1267 3177 vendredi
1311 3107 1561 3176 d'avant
1600 3110 1659 3177 la
1695 3103 1864 3177 saint
1926 3106 2146 3189 DeniS,
2204 3105 2446 3178 veimes
2486 3128 2647 3177 unes

383 3223 589 3292 letres
628 3223 876 3292 saelees
903 3223 1031 3292 dou
1080 3223 1212 3291 sael
1252 3236 1435 3293 notre
1473 3225 1780 3313 seigneur
1819 3223 1876 3291 le
1928 3221 2021 3294 roi
2085 3244 2213 3292 non
2259 3222 2644 3292 chancelees

387 3357 475 3406 ne
520 3335 943 3406 maumissees
980 3335 1061 3427 (ἲ)
1102 3357 1182 3406 en
1234 3358 1483 3406 aucune
1514 3334 1714 3426 partie
1756 3338 1834 3407 de
1869 3336 1964 3407 soi
2006 3359 2086 3407 en
2130 3339 2185 3407 la
2221 3335 2508 3406 maniere
2538 3334 2646 3426 qui

389 3447 650 3533 s'ensit‚
680 3451 1004 3540 lesqueles
1046 3471 1164 3521 nos
1202 3449 1429 3521 seimes
1465 3449 1773 3521 trancrire
1812 3464 1946 3521 mot
1975 3474 2010 3520 a
2042 3463 2177 3521 mot
2208 3472 2224 3518 ε

488 3562 841 3654 Philippus,
882 3561 993 3633 Dei
1036 3561 1250 3653 gracia
1294 3567 1678 3634 Francorum
1711 3586 1842 3635 rex.
1898 3567 2129 3634 Notum
2192 3564 2465 3634 tacimus
2511 3562 2650 3632 uni-

389 3682 598 3753 versis
635 3695 763 3752 tam
792 3680 1199 3772 presentibus
1236 3704 1424 3771 quam
1489 3682 1721 3753 suturis
1760 3684 1930 3772 quod
1994 3704 2138 3763 noS‚
2199 3684 2282 3752 ob
2349 3678 2646 3752 devocio-

391 3814 546 3864 nem
585 3815 775 3883 quam
816 3794 1129 3863 habemus
1167 3795 1247 3864 ad
1286 3793 1625 3864 ecclesiam
1683 3793 2228 3871 Aurelianensem,
2299 3796 2381 3863 ob
2458 3790 2646 3862 etiam

390 3905 750 3979 remedium
819 3905 1031 3977 anime
1096 3922 1318 3979 nostre
1385 3930 1460 3979 ac
1525 3906 1742 3978 inclite
1819 3905 2290 3979 recordacionis
2347 3905 2644 3998 Philippi,

392 4024 720 4113 quondam
758 4024 1143 4092 Francorum
1183 4020 1379 4111 regis,
1423 4034 1487 4092 et
1523 4024 1845 4092 Ysabellis
1882 4024 2021 4113 ejus
2052 4019 2398 4104 consortis,
2429 4020 2650 4092 carisi-

394 4159 649 4209 morum
690 4149 1025 4227 parentum
1066 4148 1457 4218 nostrorum,
1492 4136 1860 4226 specialiter
1913 4159 2025 4227 pro
2074 4158 2295 4207 eorum
2357 4136 2650 4206 anniver-

395 4253 568 4324 sario
608 4252 778 4341 quod
819 4247 1092 4341 singulis
1130 4247 1319 4320 annis
1385 4263 1557 4321 certa
1593 4248 1697 4320 die
1740 4249 2183 4341 sollempniter
2243 4251 2529 4320 decanus
2585 4262 2651 4320 et

396 4361 746 4455 capitulum
790 4363 995 4455 ipsius
1033 4361 1508 4434 Aurelianensis
1556 4362 1833 4433 ecclesie
1885 4364 2209 4433 celebrare
2249 4374 2551 4432 tenentur
2582 4360 2646 4433 in

395 4479 624 4549 eadem
648 4476 945 4560 ecclesia,
966 4474 1384 4548 concedimus
1401 4476 1645 4547 eisdem
1678 4478 1924 4564 decano
1943 4490 2006 4546 et
2024 4474 2304 4566 capitulo
2322 4477 2492 4564 quod
2525 4473 2650 4566 ipsi

396 4602 570 4662 extra
601 4587 920 4661 civitatem
960 4587 1481 4659 Aurelianensem
1522 4588 1584 4657 in
1621 4586 1827 4659 leodis
1859 4599 1969 4657 aut
1998 4584 2376 4658 retroseodis
2405 4584 2644 4657 nostris

398 4701 465 4774 in
500 4716 917 4795 augmentum
955 4700 1324 4774 reddituum
1375 4714 1439 4773 et
1481 4716 1904 4793 proventuum
1945 4698 2115 4771 dicte
2161 4696 2643 4771 Aurelianensis
