<?xml version="1.0" encoding="UTF-8"?>
<!DOCTYPE html PUBLIC "-//W3C//DTD XHTML 1.0 Transitional//EN"
    "http://www.w3.org/TR/xhtml1/DTD/xhtml1-transitional.dtd">
<html xmlns="http://www.w3.org/1999/xhtml" xml:lang="en" lang="en">
 <head>
  <title>
</title>
<meta http-equiv="Content-Type" content="text/html;charset=utf-8" />
  <meta name='ocr-system' content='tesseract 3.04.00' />
  <meta name='ocr-capabilities' content='ocr_page ocr_carea ocr_par ocr_line ocrx_word'/>
</head>
<body>
  <div class='ocr_page' id='page_1' title='image "./cartulairedesai00thilgoog_0563.png"; bbox 0 0 3485 5571; ppageno 0'>
   <div class='ocr_carea' id='block_1_1' title="bbox 389 679 2658 1011">
    <p class='ocr_par' dir='ltr' id='par_1_1' title="bbox 389 679 2658 1011">
     <span class='ocr_line' id='line_1_1' title="bbox 1356 679 1712 743; baseline 0 -20"><span class='ocrx_word' id='word_1_1' title='bbox 1356 712 1432 723; x_wconf 81' lang='grc'><strong>-</strong></span> <span class='ocrx_word' id='word_1_2' title='bbox 1473 679 1585 743; x_wconf 84' lang='lat'><strong>381</strong></span> <span class='ocrx_word' id='word_1_3' title='bbox 1642 713 1712 723; x_wconf 84' lang='lat'><strong>..</strong></span> 
     </span>
     <span class='ocr_line' id='line_1_2' title="bbox 389 780 2653 896; baseline 0 -20"><span class='ocrx_word' id='word_1_4' title='bbox 389 805 830 877; x_wconf 86' lang='lat' dir='ltr'><strong>deliberatum</strong></span> <span class='ocrx_word' id='word_1_5' title='bbox 883 808 1045 877; x_wconf 83' lang='lat' dir='ltr'><strong>infra</strong></span> <span class='ocrx_word' id='word_1_6' title='bbox 1105 806 1348 876; x_wconf 85' lang='lat' dir='ltr'><strong>dictum</strong></span> <span class='ocrx_word' id='word_1_7' title='bbox 1411 806 1753 876; x_wconf 90' lang='lat' dir='ltr'><strong>terminum</strong></span> <span class='ocrx_word' id='word_1_8' title='bbox 1813 807 1892 875; x_wconf 89' lang='lat' dir='ltr'><strong>ad</strong></span> <span class='ocrx_word' id='word_1_9' title='bbox 1950 780 2074 876; x_wconf 80' lang='lat' dir='ltr'><strong>boc</strong></span> <span class='ocrx_word' id='word_1_10' title='bbox 2126 806 2459 896; x_wconf 80' lang='lat' dir='ltr'><strong>prefixum,</strong></span> <span class='ocrx_word' id='word_1_11' title='bbox 2534 829 2653 877; x_wconf 93' lang='lat' dir='ltr'><strong>nos</strong></span> 
     </span>
     <span class='ocr_line' id='line_1_3' title="bbox 389 915 2658 1011; baseline -0.001 -20"><span class='ocrx_word' id='word_1_12' title='bbox 389 924 789 1011; x_wconf 80' lang='lat' dir='ltr'>petebamus</span> <span class='ocrx_word' id='word_1_13' title='bbox 827 932 1029 990; x_wconf 88' lang='lat' dir='ltr'><strong>totum</strong></span> <span class='ocrx_word' id='word_1_14' title='bbox 1072 941 1302 991; x_wconf 87' lang='lat' dir='ltr'><strong>nemus</strong></span> <span class='ocrx_word' id='word_1_15' title='bbox 1334 921 1504 1009; x_wconf 91' lang='lat' dir='ltr'><strong>quod</strong></span> <span class='ocrx_word' id='word_1_16' title='bbox 1533 922 1904 990; x_wconf 79' lang='lat' dir='ltr'><strong>remanebat</strong></span> <span class='ocrx_word' id='word_1_17' title='bbox 1931 921 2143 990; x_wconf 89' lang='lat' dir='ltr'><strong>adbuc</strong></span> <span class='ocrx_word' id='word_1_18' title='bbox 2172 915 2658 990; x_wconf 89' lang='lat' dir='ltr'><strong>deliberandum</strong></span> 
     </span>
    </p>
   </div>
   <div class='ocr_carea' id='block_1_2' title="bbox 389 1031 2666 1239">
    <p class='ocr_par' dir='ltr' id='par_1_2' title="bbox 389 1031 2666 1239">
     <span class='ocr_line' id='line_1_4' title="bbox 389 1031 2657 1124; baseline 0 -20"><span class='ocrx_word' id='word_1_19' title='bbox 389 1048 530 1104; x_wconf 86' lang='lat' dir='ltr'><strong>tam</strong></span> <span class='ocrx_word' id='word_1_20' title='bbox 601 1047 849 1105; x_wconf 89' lang='lat' dir='ltr'><strong>sectum</strong></span> <span class='ocrx_word' id='word_1_21' title='bbox 896 1056 1084 1124; x_wconf 92' lang='lat' dir='ltr'><strong>quam</strong></span> <span class='ocrx_word' id='word_1_22' title='bbox 1140 1036 1494 1104; x_wconf 85' lang='lat' dir='ltr'><strong>secandum</strong></span> <span class='ocrx_word' id='word_1_23' title='bbox 1551 1046 1616 1103; x_wconf 89' lang='lat' dir='ltr'><strong>et</strong></span> <span class='ocrx_word' id='word_1_24' title='bbox 1680 1031 2057 1104; x_wconf 81' lang='lat' dir='ltr'><strong>dicebamus</strong></span> <span class='ocrx_word' id='word_1_25' title='bbox 2129 1045 2421 1104; x_wconf 87' lang='lat' dir='ltr'><strong>nostrum</strong></span> <span class='ocrx_word' id='word_1_26' title='bbox 2486 1055 2657 1120; x_wconf 85' lang='lat' dir='ltr'><strong>esse,</strong></span> 
     </span>
     <span class='ocr_line' id='line_1_5' title="bbox 389 1145 2666 1239; baseline -0 -21"><span class='ocrx_word' id='word_1_27' title='bbox 389 1145 668 1220; x_wconf 89' lang='lat' dir='ltr'><strong>domina</strong></span> <span class='ocrx_word' id='word_1_28' title='bbox 735 1148 951 1239; x_wconf 86' lang='lat' dir='ltr'><strong>regina</strong></span> <span class='ocrx_word' id='word_1_29' title='bbox 1025 1171 1139 1239; x_wconf 95' lang='lat' dir='ltr'><strong>pro</strong></span> <span class='ocrx_word' id='word_1_30' title='bbox 1203 1169 1354 1238; x_wconf 78' lang='lat' dir='ltr'><strong>rege</strong></span> <span class='ocrx_word' id='word_1_31' title='bbox 1418 1170 1546 1218; x_wconf 91' lang='lat' dir='ltr'><strong>non</strong></span> <span class='ocrx_word' id='word_1_32' title='bbox 1608 1147 2081 1219; x_wconf 78' lang='lat' dir='ltr'><strong>consentiente.</strong></span> <span class='ocrx_word' id='word_1_33' title='bbox 2155 1148 2438 1218; x_wconf 84' lang='lat' dir='ltr'><strong>Tandem</strong></span> <span class='ocrx_word' id='word_1_34' title='bbox 2499 1146 2666 1218; x_wconf 86' lang='lat' dir='ltr'><strong>inter</strong></span> 
     </span>
    </p>
   </div>
   <div class='ocr_carea' id='block_1_3' title="bbox 277 1259 2661 1352">
    <p class='ocr_par' dir='ltr' id='par_1_3' title="bbox 277 1259 2661 1352">
     <span class='ocr_line' id='line_1_6' title="bbox 277 1259 2661 1352; baseline -0.001 -19"><span class='ocrx_word' id='word_1_35' title='bbox 277 1318 282 1321; x_wconf 73' lang='lat'><strong>.</strong></span> <span class='ocrx_word' id='word_1_36' title='bbox 391 1262 736 1333; x_wconf 89' lang='lat' dir='ltr'><strong>dominam</strong></span> <span class='ocrx_word' id='word_1_37' title='bbox 791 1259 1076 1352; x_wconf 84' lang='lat' dir='ltr'><strong>reginam</strong></span> <span class='ocrx_word' id='word_1_38' title='bbox 1117 1274 1183 1332; x_wconf 89' lang='lat' dir='ltr'><strong>et</strong></span> <span class='ocrx_word' id='word_1_39' title='bbox 1221 1284 1342 1332; x_wconf 90' lang='lat' dir='ltr'><strong>nos</strong></span> <span class='ocrx_word' id='word_1_40' title='bbox 1402 1260 1486 1333; x_wconf 94' lang='lat' dir='ltr'><strong>ita</strong></span> <span class='ocrx_word' id='word_1_41' title='bbox 1539 1259 1971 1352; x_wconf 88' lang='lat' dir='ltr'><strong>compositum</strong></span> <span class='ocrx_word' id='word_1_42' title='bbox 2029 1274 2131 1332; x_wconf 91' lang='lat' dir='ltr'><strong>est</strong></span> <span class='ocrx_word' id='word_1_43' title='bbox 2179 1278 2244 1332; x_wconf 90' lang='lat' dir='ltr'><strong>et</strong></span> <span class='ocrx_word' id='word_1_44' title='bbox 2294 1261 2661 1332; x_wconf 88' lang='lat' dir='ltr'><strong>ordinatum</strong></span> 
     </span>
    </p>
   </div>
   <div class='ocr_carea' id='block_1_4' title="bbox 388 1372 2664 2493">
    <p class='ocr_par' dir='ltr' id='par_1_4' title="bbox 388 1372 2664 2493">
     <span class='ocr_line' id='line_1_7' title="bbox 388 1372 2662 1466; baseline -0.001 -20"><span class='ocrx_word' id='word_1_45' title='bbox 388 1378 577 1466; x_wconf 92' lang='lat' dir='ltr'><strong>quod</strong></span> <span class='ocrx_word' id='word_1_46' title='bbox 642 1377 929 1447; x_wconf 85' lang='lat' dir='ltr'><strong>venditio</strong></span> <span class='ocrx_word' id='word_1_47' title='bbox 988 1378 1153 1446; x_wconf 79' lang='lat' dir='ltr'><strong>lacta</strong></span> <span class='ocrx_word' id='word_1_48' title='bbox 1218 1377 1441 1458; x_wconf 88' lang='lat' dir='ltr'><strong>stabit,</strong></span> <span class='ocrx_word' id='word_1_49' title='bbox 1498 1388 1839 1466; x_wconf 80' lang='lat' dir='ltr'><strong>prorogato</strong></span> <span class='ocrx_word' id='word_1_50' title='bbox 1910 1373 2184 1447; x_wconf 87' lang='lat' dir='ltr'><strong>termino</strong></span> <span class='ocrx_word' id='word_1_51' title='bbox 2265 1372 2662 1445; x_wconf 87' lang='lat' dir='ltr'><strong>deliberandi</strong></span> 
     </span>
     <span class='ocr_line' id='line_1_8' title="bbox 390 1488 2664 1579; baseline 0 -20"><span class='ocrx_word' id='word_1_52' title='bbox 390 1512 642 1561; x_wconf 88' lang='lat' dir='ltr'><strong>nemus</strong></span> <span class='ocrx_word' id='word_1_53' title='bbox 676 1492 1006 1561; x_wconf 90' lang='lat' dir='ltr'><strong>residuum</strong></span> <span class='ocrx_word' id='word_1_54' title='bbox 1043 1492 1123 1560; x_wconf 90' lang='lat' dir='ltr'><strong>ab</strong></span> <span class='ocrx_word' id='word_1_55' title='bbox 1159 1488 1419 1560; x_wconf 90' lang='lat' dir='ltr'><strong>instanti</strong></span> <span class='ocrx_word' id='word_1_56' title='bbox 1466 1493 1634 1560; x_wconf 74' lang='lat' dir='ltr'><strong>testo</strong></span> <span class='ocrx_word' id='word_1_57' title='bbox 1676 1491 1982 1561; x_wconf 89' lang='lat' dir='ltr'><strong>Omnium</strong></span> <span class='ocrx_word' id='word_1_58' title='bbox 2030 1492 2412 1559; x_wconf 86' lang='lat' dir='ltr'><strong>Sanctorum</strong></span> <span class='ocrx_word' id='word_1_59' title='bbox 2454 1511 2664 1579; x_wconf 88' lang='lat' dir='ltr'><strong>usque</strong></span> 
     </span>
     <span class='ocr_line' id='line_1_9' title="bbox 393 1600 2664 1694; baseline -0.001 -20"><span class='ocrx_word' id='word_1_60' title='bbox 393 1606 480 1674; x_wconf 88' lang='lat' dir='ltr'><strong>ad</strong></span> <span class='ocrx_word' id='word_1_61' title='bbox 526 1606 696 1675; x_wconf 92' lang='lat' dir='ltr'><strong>duos</strong></span> <span class='ocrx_word' id='word_1_62' title='bbox 728 1626 959 1686; x_wconf 90' lang='lat' dir='ltr'><strong>annos,</strong></span> <span class='ocrx_word' id='word_1_63' title='bbox 996 1600 1157 1674; x_wconf 76' lang='lat' dir='ltr'><strong>intra</strong></span> <span class='ocrx_word' id='word_1_64' title='bbox 1188 1626 1378 1694; x_wconf 89' lang='lat' dir='ltr'><strong>quem</strong></span> <span class='ocrx_word' id='word_1_65' title='bbox 1412 1602 1756 1674; x_wconf 85' lang='lat' dir='ltr'><strong>terminum</strong></span> <span class='ocrx_word' id='word_1_66' title='bbox 1789 1618 1992 1674; x_wconf 90' lang='lat' dir='ltr'><strong>totum</strong></span> <span class='ocrx_word' id='word_1_67' title='bbox 2022 1625 2251 1674; x_wconf 90' lang='lat' dir='ltr'><strong>nemus</strong></span> <span class='ocrx_word' id='word_1_68' title='bbox 2282 1605 2472 1675; x_wconf 86' lang='lat' dir='ltr'><strong>debet</strong></span> <span class='ocrx_word' id='word_1_69' title='bbox 2503 1601 2664 1674; x_wconf 89' lang='lat' dir='ltr'><strong>deli-</strong></span> 
     </span>
     <span class='ocr_line' id='line_1_10' title="bbox 395 1714 2663 1808; baseline 0 -21"><span class='ocrx_word' id='word_1_70' title='bbox 395 1715 643 1803; x_wconf 89' lang='lat' dir='ltr'><strong>berari,</strong></span> <span class='ocrx_word' id='word_1_71' title='bbox 687 1731 752 1788; x_wconf 86' lang='lat' dir='ltr'><strong>et</strong></span> <span class='ocrx_word' id='word_1_72' title='bbox 786 1740 906 1789; x_wconf 87' lang='lat' dir='ltr'><strong>nos</strong></span> <span class='ocrx_word' id='word_1_73' title='bbox 945 1714 1323 1788; x_wconf 84' lang='lat' dir='ltr'><strong>habebimus</strong></span> <span class='ocrx_word' id='word_1_74' title='bbox 1359 1730 1680 1788; x_wconf 88' lang='lat' dir='ltr'><strong>trecentas</strong></span> <span class='ocrx_word' id='word_1_75' title='bbox 1709 1715 1905 1788; x_wconf 89' lang='lat' dir='ltr'><strong>libras</strong></span> <span class='ocrx_word' id='word_1_76' title='bbox 1955 1715 2408 1808; x_wconf 83' lang='lat' dir='ltr'><strong>parisiensium</strong></span> <span class='ocrx_word' id='word_1_77' title='bbox 2447 1730 2511 1788; x_wconf 89' lang='lat' dir='ltr'><strong>et</strong></span> <span class='ocrx_word' id='word_1_78' title='bbox 2552 1720 2663 1789; x_wconf 83' lang='lat' dir='ltr'><strong>fiet</strong></span> 
     </span>
     <span class='ocr_line' id='line_1_11' title="bbox 395 1828 2655 1921; baseline -0 -20"><span class='ocrx_word' id='word_1_79' title='bbox 395 1830 600 1903; x_wconf 90' lang='lat' dir='ltr'><strong>nobis</strong></span> <span class='ocrx_word' id='word_1_80' title='bbox 644 1844 1094 1921; x_wconf 86' lang='lat' dir='ltr'><strong>pagamentum</strong></span> <span class='ocrx_word' id='word_1_81' title='bbox 1135 1831 1558 1921; x_wconf 87' lang='lat' dir='ltr'><strong>sequentibus</strong></span> <span class='ocrx_word' id='word_1_82' title='bbox 1609 1829 1899 1901; x_wconf 85' lang='lat' dir='ltr'><strong>terminis</strong></span> <span class='ocrx_word' id='word_1_83' title='bbox 1937 1828 2217 1902; x_wconf 87' lang='lat' dir='ltr'><strong>Parisius</strong></span> <span class='ocrx_word' id='word_1_84' title='bbox 2257 1833 2426 1921; x_wconf 91' lang='lat' dir='ltr'><strong>apud</strong></span> <span class='ocrx_word' id='word_1_85' title='bbox 2464 1835 2655 1901; x_wconf 89' lang='lat' dir='ltr'><strong>Tem-</strong></span> 
     </span>
     <span class='ocr_line' id='line_1_12' title="bbox 393 1942 2657 2036; baseline 0 -22"><span class='ocrx_word' id='word_1_86' title='bbox 393 1948 614 2036; x_wconf 88' lang='lat' dir='ltr'><strong>plum,</strong></span> <span class='ocrx_word' id='word_1_87' title='bbox 667 1944 964 2016; x_wconf 84' lang='lat' dir='ltr'><strong>videlicet</strong></span> <span class='ocrx_word' id='word_1_88' title='bbox 1004 1947 1068 2014; x_wconf 85' lang='lat' dir='ltr'><strong>in</strong></span> <span class='ocrx_word' id='word_1_89' title='bbox 1107 1943 1370 2016; x_wconf 89' lang='lat' dir='ltr'><strong>instanti</strong></span> <span class='ocrx_word' id='word_1_90' title='bbox 1424 1946 1587 2015; x_wconf 83' lang='lat' dir='ltr'><strong>festo</strong></span> <span class='ocrx_word' id='word_1_91' title='bbox 1628 1942 1930 2016; x_wconf 91' lang='lat' dir='ltr'><strong>Omnium</strong></span> <span class='ocrx_word' id='word_1_92' title='bbox 1976 1948 2356 2015; x_wconf 89' lang='lat' dir='ltr'><strong>Sanctorum</strong></span> <span class='ocrx_word' id='word_1_93' title='bbox 2399 1957 2657 2015; x_wconf 89' lang='lat' dir='ltr'><strong>centum</strong></span> 
     </span>
     <span class='ocr_line' id='line_1_13' title="bbox 394 2056 2660 2149; baseline -0.001 -20"><span class='ocrx_word' id='word_1_94' title='bbox 394 2062 633 2143; x_wconf 89' lang='lat' dir='ltr'><strong>libras,</strong></span> <span class='ocrx_word' id='word_1_95' title='bbox 669 2056 733 2128; x_wconf 92' lang='lat' dir='ltr'><strong>in</strong></span> <span class='ocrx_word' id='word_1_96' title='bbox 773 2058 1066 2149; x_wconf 87' lang='lat' dir='ltr'><strong>sequenti</strong></span> <span class='ocrx_word' id='word_1_97' title='bbox 1107 2071 1172 2129; x_wconf 92' lang='lat' dir='ltr'><strong>et</strong></span> <span class='ocrx_word' id='word_1_98' title='bbox 1211 2060 1500 2129; x_wconf 88' lang='lat' dir='ltr'><strong>secundo</strong></span> <span class='ocrx_word' id='word_1_99' title='bbox 1538 2061 1701 2128; x_wconf 87' lang='lat' dir='ltr'><strong>sesto</strong></span> <span class='ocrx_word' id='word_1_100' title='bbox 1731 2056 2034 2130; x_wconf 90' lang='lat' dir='ltr'><strong>Omnium</strong></span> <span class='ocrx_word' id='word_1_101' title='bbox 2076 2063 2459 2129; x_wconf 87' lang='lat' dir='ltr'><strong>Sanctorum</strong></span> <span class='ocrx_word' id='word_1_102' title='bbox 2509 2080 2660 2129; x_wconf 90' lang='lat' dir='ltr'><strong>cen-</strong></span> 
     </span>
     <span class='ocr_line' id='line_1_14' title="bbox 395 2170 2658 2262; baseline -0.001 -19"><span class='ocrx_word' id='word_1_103' title='bbox 395 2186 541 2243; x_wconf 88' lang='lat' dir='ltr'><strong>tum</strong></span> <span class='ocrx_word' id='word_1_104' title='bbox 583 2175 810 2257; x_wconf 77' lang='lat' dir='ltr'><strong>libraS‚</strong></span> <span class='ocrx_word' id='word_1_105' title='bbox 860 2182 923 2242; x_wconf 84' lang='lat' dir='ltr'><strong>in</strong></span> <span class='ocrx_word' id='word_1_106' title='bbox 984 2172 1187 2244; x_wconf 86' lang='lat' dir='ltr'><strong>tercio</strong></span> <span class='ocrx_word' id='word_1_107' title='bbox 1222 2170 1640 2262; x_wconf 85' lang='lat' dir='ltr'><strong>subsequenti</strong></span> <span class='ocrx_word' id='word_1_108' title='bbox 1703 2174 1867 2242; x_wconf 87' lang='lat' dir='ltr'><strong>sesto</strong></span> <span class='ocrx_word' id='word_1_109' title='bbox 1922 2175 2232 2242; x_wconf 86' lang='lat' dir='ltr'><strong>Omnium</strong></span> <span class='ocrx_word' id='word_1_110' title='bbox 2275 2176 2658 2242; x_wconf 87' lang='lat' dir='ltr'><strong>Sanctorum</strong></span> 
     </span>
     <span class='ocr_line' id='line_1_15' title="bbox 396 2284 2657 2358; baseline -0.001 -2"><span class='ocrx_word' id='word_1_111' title='bbox 396 2287 701 2358; x_wconf 90' lang='lat' dir='ltr'><strong>residuas</strong></span> <span class='ocrx_word' id='word_1_112' title='bbox 739 2302 997 2358; x_wconf 89' lang='lat' dir='ltr'><strong>centum</strong></span> <span class='ocrx_word' id='word_1_113' title='bbox 1031 2286 1249 2357; x_wconf 89' lang='lat' dir='ltr'><strong>libras.</strong></span> <span class='ocrx_word' id='word_1_114' title='bbox 1279 2290 1508 2357; x_wconf 91' lang='lat' dir='ltr'><strong>Datum</strong></span> <span class='ocrx_word' id='word_1_115' title='bbox 1535 2309 1706 2356; x_wconf 92' lang='lat' dir='ltr'><strong>anno</strong></span> <span class='ocrx_word' id='word_1_116' title='bbox 1744 2284 2002 2356; x_wconf 89' lang='lat' dir='ltr'><strong>Domini</strong></span> <span class='ocrx_word' id='word_1_117' title='bbox 2030 2284 2376 2357; x_wconf 90' lang='lat' dir='ltr'><strong>millesimo</strong></span> <span class='ocrx_word' id='word_1_118' title='bbox 2417 2287 2657 2358; x_wconf 88' lang='lat' dir='ltr'><strong>ducen-</strong></span> 
     </span>
     <span class='ocr_line' id='line_1_16' title="bbox 397 2398 2146 2493; baseline 0 -21"><span class='ocrx_word' id='word_1_119' title='bbox 397 2400 644 2474; x_wconf 90' lang='lat' dir='ltr'><strong>tesimo</strong></span> <span class='ocrx_word' id='word_1_120' title='bbox 683 2399 1171 2493; x_wconf 83' lang='lat' dir='ltr'><strong>quadragesimo</strong></span> <span class='ocrx_word' id='word_1_121' title='bbox 1211 2414 1459 2484; x_wconf 89' lang='lat' dir='ltr'><strong>octavo,</strong></span> <span class='ocrx_word' id='word_1_122' title='bbox 1501 2421 1726 2471; x_wconf 89' lang='lat' dir='ltr'><strong>mense</strong></span> <span class='ocrx_word' id='word_1_123' title='bbox 1766 2398 2146 2490; x_wconf 84' lang='lat' dir='ltr'><strong>septembri.</strong></span> 
     </span>
    </p>
   </div>
   <div class='ocr_carea' id='block_1_5' title="bbox 1339 2763 1728 2829">
    <p class='ocr_par' dir='ltr' id='par_1_5' title="bbox 1339 2763 1728 2829">
     <span class='ocr_line' id='line_1_17' title="bbox 1339 2763 1728 2829; baseline -0.008 -2"><span class='ocrx_word' id='word_1_124' title='bbox 1339 2763 1728 2829; x_wconf 83' lang='lat' dir='ltr'>CCLXXXVI</span> 
     </span>
    </p>
   </div>
   <div class='ocr_carea' id='block_1_6' title="bbox 1252 3044 1819 3123">
    <p class='ocr_par' dir='ltr' id='par_1_6' title="bbox 1252 3044 1819 3123">
     <span class='ocr_line' id='line_1_18' title="bbox 1252 3044 1819 3123; baseline 0 -14"><span class='ocrx_word' id='word_1_125' title='bbox 1252 3050 1442 3123; x_wconf 69' lang='lat' dir='ltr'><strong>Sem,</strong></span> <span class='ocrx_word' id='word_1_126' title='bbox 1475 3046 1618 3123; x_wconf 74' lang='lat' dir='ltr'><strong>juin</strong></span> <span class='ocrx_word' id='word_1_127' title='bbox 1657 3044 1819 3109; x_wconf 77' lang='lat'>1249</span> 
     </span>
    </p>
   </div>
   <div class='ocr_carea' id='block_1_7' title="bbox 403 3299 2663 3470">
    <p class='ocr_par' dir='ltr' id='par_1_7' title="bbox 403 3299 2663 3470">
     <span class='ocr_line' id='line_1_19' title="bbox 403 3299 2663 3375; baseline -0 -14"><span class='ocrx_word' id='word_1_128' title='bbox 403 3303 646 3361; x_wconf 81' lang='lat' dir='ltr'><strong>Aubour</strong></span> <span class='ocrx_word' id='word_1_129' title='bbox 683 3303 944 3375; x_wconf 79' lang='lat' dir='ltr'><strong>d&#39;Ormoy</strong></span> <span class='ocrx_word' id='word_1_130' title='bbox 972 3300 1119 3357; x_wconf 83' lang='lat' dir='ltr'><strong>vend</strong></span> <span class='ocrx_word' id='word_1_131' title='bbox 1160 3317 1233 3357; x_wconf 80' lang='lat' dir='ltr'><strong>au</strong></span> <span class='ocrx_word' id='word_1_132' title='bbox 1279 3300 1527 3373; x_wconf 85' lang='lat' dir='ltr'><strong>chapitre</strong></span> <span class='ocrx_word' id='word_1_133' title='bbox 1552 3316 1696 3373; x_wconf 88' lang='lat' dir='ltr'><strong>pour</strong></span> <span class='ocrx_word' id='word_1_134' title='bbox 1722 3299 1829 3356; x_wconf 86' lang='lat'><strong>180</strong></span> <span class='ocrx_word' id='word_1_135' title='bbox 1852 3300 2020 3355; x_wconf 87' lang='lat' dir='ltr'><strong>livres</strong></span> <span class='ocrx_word' id='word_1_136' title='bbox 2048 3300 2249 3372; x_wconf 86' lang='lat' dir='ltr'><strong>parisis</strong></span> <span class='ocrx_word' id='word_1_137' title='bbox 2274 3302 2329 3358; x_wconf 86' lang='lat' dir='ltr'><strong>la</strong></span> <span class='ocrx_word' id='word_1_138' title='bbox 2359 3304 2555 3359; x_wconf 85' lang='lat' dir='ltr'><strong>mairie</strong></span> <span class='ocrx_word' id='word_1_139' title='bbox 2585 3304 2663 3361; x_wconf 81' lang='lat' dir='ltr'><strong>du</strong></span> 
     </span>
     <span class='ocr_line' id='line_1_20' title="bbox 1327 3399 1751 3470; baseline 0 -17"><span class='ocrx_word' id='word_1_140' title='bbox 1327 3399 1751 3470; x_wconf 81' lang='lat' dir='ltr'><strong>Mesnilgiraud.</strong></span> 
     </span>
    </p>
   </div>
   <div class='ocr_carea' id='block_1_8' title="bbox 822 3545 2249 3619">
    <p class='ocr_par' dir='ltr' id='par_1_8' title="bbox 822 3545 2249 3619">
     <span class='ocr_line' id='line_1_21' title="bbox 822 3545 2249 3619; baseline 0.001 -18"><span class='ocrx_word' id='word_1_141' title='bbox 822 3545 1000 3616; x_wconf 81' lang='lat' dir='ltr'><strong>(Orig.</strong></span> <span class='ocrx_word' id='word_1_142' title='bbox 1025 3563 1072 3601; x_wconf 92' lang='lat' dir='ltr'><strong>s.</strong></span> <span class='ocrx_word' id='word_1_143' title='bbox 1105 3545 1295 3617; x_wconf 86' lang='lat' dir='ltr'><strong>parch.</strong></span> <span class='ocrx_word' id='word_1_144' title='bbox 1329 3545 1495 3600; x_wconf 77' lang='lat' dir='ltr'><strong>Arch.</strong></span> <span class='ocrx_word' id='word_1_145' title='bbox 1528 3545 1605 3599; x_wconf 90' lang='lat' dir='ltr'><strong>du</strong></span> <span class='ocrx_word' id='word_1_146' title='bbox 1637 3545 1845 3614; x_wconf 86' lang='lat' dir='ltr'><strong>Loiret,</strong></span> <span class='ocrx_word' id='word_1_147' title='bbox 1877 3545 1943 3599; x_wconf 91' lang='lat' dir='ltr'><strong>G.</strong></span> <span class='ocrx_word' id='word_1_148' title='bbox 1977 3545 2085 3601; x_wconf 86' lang='lat'><strong>350</strong></span> <span class='ocrx_word' id='word_1_149' title='bbox 2114 3546 2249 3619; x_wconf 80' lang='lat' dir='ltr'><strong>bis.)</strong></span> 
     </span>
    </p>
   </div>
   <div class='ocr_carea' id='block_1_9' title="bbox 409 3759 2665 4772">
    <p class='ocr_par' dir='ltr' id='par_1_9' title="bbox 409 3759 2665 4772">
     <span class='ocr_line' id='line_1_22' title="bbox 504 3759 2649 3855; baseline 0.001 -23"><span class='ocrx_word' id='word_1_150' title='bbox 504 3761 665 3845; x_wconf 90' lang='lat' dir='ltr'><strong>Gilo,</strong></span> <span class='ocrx_word' id='word_1_151' title='bbox 716 3760 831 3832; x_wconf 89' lang='lat' dir='ltr'><strong>Dei</strong></span> <span class='ocrx_word' id='word_1_152' title='bbox 882 3760 1090 3851; x_wconf 81' lang='lat' dir='ltr'><strong>gracia</strong></span> <span class='ocrx_word' id='word_1_153' title='bbox 1132 3759 1526 3831; x_wconf 90' lang='lat' dir='ltr'><strong>Senonensis</strong></span> <span class='ocrx_word' id='word_1_154' title='bbox 1556 3759 2106 3852; x_wconf 86' lang='lat' dir='ltr'><strong>archiepiscopus,</strong></span> <span class='ocrx_word' id='word_1_155' title='bbox 2154 3762 2473 3835; x_wconf 86' lang='lat' dir='ltr'><strong>universis</strong></span> <span class='ocrx_word' id='word_1_156' title='bbox 2501 3787 2649 3855; x_wconf 88' lang='lat' dir='ltr'><strong>pre-</strong></span> 
     </span>
     <span class='ocr_line' id='line_1_23' title="bbox 409 3872 2662 3965; baseline 0.001 -19"><span class='ocrx_word' id='word_1_157' title='bbox 409 3890 632 3947; x_wconf 88' lang='lat' dir='ltr'><strong>sentes</strong></span> <span class='ocrx_word' id='word_1_158' title='bbox 668 3874 912 3945; x_wconf 87' lang='lat' dir='ltr'><strong>litteras</strong></span> <span class='ocrx_word' id='word_1_159' title='bbox 951 3875 1343 3965; x_wconf 88' lang='lat' dir='ltr'><strong>inspecturis</strong></span> <span class='ocrx_word' id='word_1_160' title='bbox 1373 3887 1659 3945; x_wconf 91' lang='lat' dir='ltr'><strong>eternam</strong></span> <span class='ocrx_word' id='word_1_161' title='bbox 1691 3872 1754 3942; x_wconf 92' lang='lat' dir='ltr'><strong>in</strong></span> <span class='ocrx_word' id='word_1_162' title='bbox 1790 3873 2067 3946; x_wconf 90' lang='lat' dir='ltr'><strong>Domino</strong></span> <span class='ocrx_word' id='word_1_163' title='bbox 2105 3878 2404 3948; x_wconf 89' lang='lat' dir='ltr'><strong>salutem.</strong></span> <span class='ocrx_word' id='word_1_164' title='bbox 2453 3880 2662 3950; x_wconf 87' lang='lat' dir='ltr'><strong>Nove-</strong></span> 
     </span>
     <span class='ocr_line' id='line_1_24' title="bbox 410 3988 2663 4079; baseline 0.002 -21"><span class='ocrx_word' id='word_1_165' title='bbox 410 3993 496 4060; x_wconf 92' lang='lat' dir='ltr'><strong>rit</strong></span> <span class='ocrx_word' id='word_1_166' title='bbox 566 3988 944 4062; x_wconf 89' lang='lat' dir='ltr'><strong>universitas</strong></span> <span class='ocrx_word' id='word_1_167' title='bbox 997 4002 1208 4060; x_wconf 87' lang='lat' dir='ltr'><strong>vestra</strong></span> <span class='ocrx_word' id='word_1_168' title='bbox 1281 3991 1448 4078; x_wconf 80' lang='lat' dir='ltr'><strong>quod</strong></span> <span class='ocrx_word' id='word_1_169' title='bbox 1509 3990 1573 4057; x_wconf 90' lang='lat' dir='ltr'><strong>in</strong></span> <span class='ocrx_word' id='word_1_170' title='bbox 1636 3988 2239 4079; x_wconf 82' lang='lat' dir='ltr'><strong>nostrapresentia</strong></span> <span class='ocrx_word' id='word_1_171' title='bbox 2309 3995 2663 4063; x_wconf 89' lang='lat' dir='ltr'><strong>constituta</strong></span> 
     </span>
     <span class='ocr_line' id='line_1_25' title="bbox 413 4100 2663 4195; baseline 0 -22"><span class='ocrx_word' id='word_1_172' title='bbox 413 4103 647 4175; x_wconf 87' lang='lat' dir='ltr'><strong>nobilis</strong></span> <span class='ocrx_word' id='word_1_173' title='bbox 688 4102 918 4174; x_wconf 91' lang='lat' dir='ltr'><strong>mulier</strong></span> <span class='ocrx_word' id='word_1_174' title='bbox 951 4100 1269 4192; x_wconf 82' lang='lat' dir='ltr'><strong>Auburgis</strong></span> <span class='ocrx_word' id='word_1_175' title='bbox 1299 4103 1378 4173; x_wconf 90' lang='lat' dir='ltr'><strong>de</strong></span> <span class='ocrx_word' id='word_1_176' title='bbox 1405 4101 1673 4184; x_wconf 89' lang='lat' dir='ltr'><strong>Ulmeio,</strong></span> <span class='ocrx_word' id='word_1_177' title='bbox 1703 4102 2101 4174; x_wconf 89' lang='lat' dir='ltr'><strong>Senonensis</strong></span> <span class='ocrx_word' id='word_1_178' title='bbox 2142 4103 2459 4195; x_wconf 78' lang='lat' dir='ltr'><strong>dyocesiS,</strong></span> <span class='ocrx_word' id='word_1_179' title='bbox 2511 4128 2663 4177; x_wconf 91' lang='lat' dir='ltr'><strong>con-</strong></span> 
     </span>
     <span class='ocr_line' id='line_1_26' title="bbox 414 4217 2663 4309; baseline 0 -18"><span class='ocrx_word' id='word_1_180' title='bbox 414 4225 580 4293; x_wconf 82' lang='lat' dir='ltr'><strong>lessa</strong></span> <span class='ocrx_word' id='word_1_181' title='bbox 620 4232 721 4292; x_wconf 87' lang='lat' dir='ltr'><strong>est</strong></span> <span class='ocrx_word' id='word_1_182' title='bbox 759 4242 973 4291; x_wconf 89' lang='lat' dir='ltr'><strong>coram</strong></span> <span class='ocrx_word' id='word_1_183' title='bbox 1027 4217 1213 4290; x_wconf 90' lang='lat' dir='ltr'><strong>nobis</strong></span> <span class='ocrx_word' id='word_1_184' title='bbox 1250 4220 1421 4308; x_wconf 92' lang='lat' dir='ltr'><strong>quod</strong></span> <span class='ocrx_word' id='word_1_185' title='bbox 1453 4220 1590 4308; x_wconf 91' lang='lat' dir='ltr'><strong>ipsa</strong></span> <span class='ocrx_word' id='word_1_186' title='bbox 1633 4217 1960 4308; x_wconf 85' lang='lat' dir='ltr'><strong>majoriam</strong></span> <span class='ocrx_word' id='word_1_187' title='bbox 2010 4241 2192 4290; x_wconf 90' lang='lat' dir='ltr'><strong>suam</strong></span> <span class='ocrx_word' id='word_1_188' title='bbox 2233 4243 2423 4309; x_wconf 90' lang='lat' dir='ltr'><strong>quam</strong></span> <span class='ocrx_word' id='word_1_189' title='bbox 2465 4223 2663 4292; x_wconf 89' lang='lat' dir='ltr'><strong>habe-</strong></span> 
     </span>
     <span class='ocr_line' id='line_1_27' title="bbox 415 4330 2646 4418; baseline -0.001 -12"><span class='ocrx_word' id='word_1_190' title='bbox 415 4339 544 4418; x_wconf 83' lang='lat' dir='ltr'><strong>bat,</strong></span> <span class='ocrx_word' id='word_1_191' title='bbox 646 4349 715 4405; x_wconf 93' lang='lat' dir='ltr'><strong>ut</strong></span> <span class='ocrx_word' id='word_1_192' title='bbox 773 4332 1051 4415; x_wconf 88' lang='lat' dir='ltr'><strong>dicebat,</strong></span> <span class='ocrx_word' id='word_1_193' title='bbox 1120 4332 1183 4401; x_wconf 93' lang='lat' dir='ltr'><strong>in</strong></span> <span class='ocrx_word' id='word_1_194' title='bbox 1245 4346 1412 4403; x_wconf 86' lang='lat' dir='ltr'><strong>terra</strong></span> <span class='ocrx_word' id='word_1_195' title='bbox 1468 4336 1699 4402; x_wconf 86' lang='lat' dir='ltr'><strong>Sancte</strong></span> <span class='ocrx_word' id='word_1_196' title='bbox 1764 4330 1984 4403; x_wconf 91' lang='lat' dir='ltr'><strong>Crucis</strong></span> <span class='ocrx_word' id='word_1_197' title='bbox 2045 4332 2523 4405; x_wconf 77' lang='lat' dir='ltr'><strong>Aurelianensis</strong></span> <span class='ocrx_word' id='word_1_198' title='bbox 2583 4334 2646 4404; x_wconf 89' lang='lat' dir='ltr'><strong>in</strong></span> 
     </span>
     <span class='ocr_line' id='line_1_28' title="bbox 415 4445 2665 4538; baseline -0 -19"><span class='ocrx_word' id='word_1_199' title='bbox 415 4448 733 4521; x_wconf 88' lang='lat' dir='ltr'><strong>territorio</strong></span> <span class='ocrx_word' id='word_1_200' title='bbox 787 4450 867 4519; x_wconf 91' lang='lat' dir='ltr'><strong>de</strong></span> <span class='ocrx_word' id='word_1_201' title='bbox 919 4452 1133 4518; x_wconf 79' lang='lat' dir='ltr'><strong>Mauso</strong></span> <span class='ocrx_word' id='word_1_202' title='bbox 1175 4446 1456 4528; x_wconf 85' lang='lat' dir='ltr'><strong>Giraudi‚</strong></span> <span class='ocrx_word' id='word_1_203' title='bbox 1504 4445 1900 4516; x_wconf 86' lang='lat' dir='ltr'><strong>Senonensis</strong></span> <span class='ocrx_word' id='word_1_204' title='bbox 1953 4449 2277 4537; x_wconf 76' lang='lat' dir='ltr'><strong>dyocesiS,</strong></span> <span class='ocrx_word' id='word_1_205' title='bbox 2341 4448 2421 4518; x_wconf 90' lang='lat' dir='ltr'><strong>de</strong></span> <span class='ocrx_word' id='word_1_206' title='bbox 2471 4450 2665 4538; x_wconf 91' lang='lat' dir='ltr'><strong>patri-</strong></span> 
     </span>
     <span class='ocr_line' id='line_1_29' title="bbox 415 4558 2664 4651; baseline -0.001 -18"><span class='ocrx_word' id='word_1_207' title='bbox 415 4563 630 4634; x_wconf 85' lang='lat' dir='ltr'><strong>monio</strong></span> <span class='ocrx_word' id='word_1_208' title='bbox 691 4585 811 4633; x_wconf 90' lang='lat' dir='ltr'><strong>suo</strong></span> <span class='ocrx_word' id='word_1_209' title='bbox 871 4576 934 4634; x_wconf 90' lang='lat' dir='ltr'><strong>et</strong></span> <span class='ocrx_word' id='word_1_210' title='bbox 991 4563 1071 4632; x_wconf 90' lang='lat' dir='ltr'><strong>de</strong></span> <span class='ocrx_word' id='word_1_211' title='bbox 1133 4562 1321 4632; x_wconf 80' lang='lat' dir='ltr'><strong>feodo</strong></span> <span class='ocrx_word' id='word_1_212' title='bbox 1356 4558 1613 4651; x_wconf 85' lang='lat' dir='ltr'><strong>capituli</strong></span> <span class='ocrx_word' id='word_1_213' title='bbox 1660 4558 2139 4631; x_wconf 85' lang='lat' dir='ltr'><strong>Aurelianensis</strong></span> <span class='ocrx_word' id='word_1_214' title='bbox 2165 4574 2556 4646; x_wconf 89' lang='lat' dir='ltr'><strong>moventem,</strong></span> <span class='ocrx_word' id='word_1_215' title='bbox 2599 4575 2664 4632; x_wconf 90' lang='lat' dir='ltr'><strong>et</strong></span> 
     </span>
     <span class='ocr_line' id='line_1_30' title="bbox 415 4672 2665 4772; baseline -0 -25"><span class='ocrx_word' id='word_1_216' title='bbox 415 4676 712 4772; x_wconf 86' lang='lat' dir='ltr'><strong>quicquid</strong></span> <span class='ocrx_word' id='word_1_217' title='bbox 737 4679 815 4747; x_wconf 90' lang='lat' dir='ltr'><strong>ad</strong></span> <span class='ocrx_word' id='word_1_218' title='bbox 846 4676 1171 4766; x_wconf 76' lang='lat' dir='ltr'><strong>maJ&#39;oriam</strong></span> <span class='ocrx_word' id='word_1_219' title='bbox 1187 4673 1485 4765; x_wconf 91' lang='lat' dir='ltr'><strong>pertinet,</strong></span> <span class='ocrx_word' id='word_1_220' title='bbox 1516 4672 1812 4745; x_wconf 86' lang='lat' dir='ltr'><strong>videlicet</strong></span> <span class='ocrx_word' id='word_1_221' title='bbox 1837 4672 2075 4758; x_wconf 72' lang='lat' dir='ltr'><strong>venias,</strong></span> <span class='ocrx_word' id='word_1_222' title='bbox 2113 4673 2665 4758; x_wconf 88' lang='lat' dir='ltr'><strong>districta,emen-</strong></span> 
     </span>
    </p>
   </div>
  </div>
 </body>
</html>
