<?xml version="1.0" encoding="UTF-8"?>
<!DOCTYPE html PUBLIC "-//W3C//DTD XHTML 1.0 Transitional//EN"
    "http://www.w3.org/TR/xhtml1/DTD/xhtml1-transitional.dtd">
<html xmlns="http://www.w3.org/1999/xhtml" xml:lang="en" lang="en">
 <head>
  <title>
</title>
<meta http-equiv="Content-Type" content="text/html;charset=utf-8" />
  <meta name='ocr-system' content='tesseract 3.04.00' />
  <meta name='ocr-capabilities' content='ocr_page ocr_carea ocr_par ocr_line ocrx_word'/>
</head>
<body>
  <div class='ocr_page' id='page_1' title='image "./cartulairedesai00thilgoog_0644.png"; bbox 0 0 3485 5571; ppageno 0'>
   <div class='ocr_carea' id='block_1_1' title="bbox 1817 668 2172 731">
    <p class='ocr_par' dir='ltr' id='par_1_1' title="bbox 1817 668 2172 731">
     <span class='ocr_line' id='line_1_1' title="bbox 1817 668 2172 731; baseline 0 -17"><span class='ocrx_word' id='word_1_1' title='bbox 1817 668 2172 731; x_wconf 67' lang='lat'><strong>-462-</strong></span> 
     </span>
    </p>
   </div>
   <div class='ocr_carea' id='block_1_2' title="bbox 1835 1071 2160 1133">
    <p class='ocr_par' dir='ltr' id='par_1_2' title="bbox 1835 1071 2160 1133">
     <span class='ocr_line' id='line_1_2' title="bbox 1835 1071 2160 1133; baseline -0.009 -1"><span class='ocrx_word' id='word_1_2' title='bbox 1835 1071 2160 1133; x_wconf 85' lang='lat' dir='ltr'><strong>CCCXLlV</strong></span> 
     </span>
    </p>
   </div>
   <div class='ocr_carea' id='block_1_3' title="bbox 1709 1368 2299 1435">
    <p class='ocr_par' dir='ltr' id='par_1_3' title="bbox 1709 1368 2299 1435">
     <span class='ocr_line' id='line_1_3' title="bbox 1709 1368 2299 1435; baseline -0.005 0"><span class='ocrx_word' id='word_1_3' title='bbox 1709 1371 1789 1435; x_wconf 77' lang='lat'><strong>25</strong></span> <span class='ocrx_word' id='word_1_4' title='bbox 1831 1371 2101 1434; x_wconf 78' lang='lat' dir='ltr'>octobre</span> <span class='ocrx_word' id='word_1_5' title='bbox 2142 1368 2299 1434; x_wconf 77' lang='lat'><strong>1278</strong></span> 
     </span>
    </p>
   </div>
   <div class='ocr_carea' id='block_1_4' title="bbox 919 1622 3062 1794">
    <p class='ocr_par' dir='ltr' id='par_1_4' title="bbox 919 1622 3062 1794">
     <span class='ocr_line' id='line_1_4' title="bbox 919 1622 3062 1698; baseline -0.003 -16"><span class='ocrx_word' id='word_1_6' title='bbox 919 1627 1096 1682; x_wconf 75' lang='lat' dir='ltr'><strong>vente</strong></span> <span class='ocrx_word' id='word_1_7' title='bbox 1123 1641 1196 1681; x_wconf 80' lang='lat' dir='ltr'><strong>au</strong></span> <span class='ocrx_word' id='word_1_8' title='bbox 1219 1624 1468 1697; x_wconf 82' lang='lat' dir='ltr'><strong>chapitre</strong></span> <span class='ocrx_word' id='word_1_9' title='bbox 1495 1640 1597 1698; x_wconf 77' lang='lat' dir='ltr'><strong>par</strong></span> <span class='ocrx_word' id='word_1_10' title='bbox 1625 1624 1860 1680; x_wconf 85' lang='lat' dir='ltr'><strong>Etienne</strong></span> <span class='ocrx_word' id='word_1_11' title='bbox 1885 1625 1961 1680; x_wconf 88' lang='lat' dir='ltr'><strong>Le</strong></span> <span class='ocrx_word' id='word_1_12' title='bbox 1989 1622 2278 1679; x_wconf 74' lang='lat' dir='ltr'><strong>Marechal</strong></span> <span class='ocrx_word' id='word_1_13' title='bbox 2307 1622 2377 1678; x_wconf 82' lang='lat' dir='ltr'><strong>de</strong></span> <span class='ocrx_word' id='word_1_14' title='bbox 2399 1623 2454 1678; x_wconf 86' lang='lat' dir='ltr'><strong>la</strong></span> <span class='ocrx_word' id='word_1_15' title='bbox 2474 1623 2695 1679; x_wconf 85' lang='lat' dir='ltr'><strong>censive</strong></span> <span class='ocrx_word' id='word_1_16' title='bbox 2723 1622 2796 1679; x_wconf 88' lang='lat' dir='ltr'><strong>de</strong></span> <span class='ocrx_word' id='word_1_17' title='bbox 2825 1623 2883 1678; x_wconf 82' lang='lat' dir='ltr'><strong>la</strong></span> <span class='ocrx_word' id='word_1_18' title='bbox 2913 1622 3062 1678; x_wconf 82' lang='lat' dir='ltr'>Cave</span> 
     </span>
     <span class='ocr_line' id='line_1_5' title="bbox 1273 1719 2635 1794; baseline -0.001 -16"><span class='ocrx_word' id='word_1_19' title='bbox 1273 1722 1406 1794; x_wconf 67' lang='lat' dir='ltr'><strong>pres</strong></span> <span class='ocrx_word' id='word_1_20' title='bbox 1434 1722 1488 1777; x_wconf 85' lang='lat' dir='ltr'><strong>le</strong></span> <span class='ocrx_word' id='word_1_21' title='bbox 1510 1719 1915 1793; x_wconf 73' lang='lat' dir='ltr'><strong>Moenilgirnud</strong></span> <span class='ocrx_word' id='word_1_22' title='bbox 1943 1736 2089 1792; x_wconf 86' lang='lat' dir='ltr'><strong>pour</strong></span> <span class='ocrx_word' id='word_1_23' title='bbox 2111 1720 2183 1775; x_wconf 77' lang='lat'><strong>28</strong></span> <span class='ocrx_word' id='word_1_24' title='bbox 2213 1719 2380 1775; x_wconf 87' lang='lat' dir='ltr'><strong>livres</strong></span> <span class='ocrx_word' id='word_1_25' title='bbox 2409 1719 2635 1791; x_wconf 76' lang='lat' dir='ltr'><strong>parisis.</strong></span> 
     </span>
    </p>
   </div>
   <div class='ocr_carea' id='block_1_5' title="bbox 1342 1865 2651 1940">
    <p class='ocr_par' dir='ltr' id='par_1_5' title="bbox 1342 1865 2651 1940">
     <span class='ocr_line' id='line_1_6' title="bbox 1342 1865 2651 1940; baseline -0.005 -14"><span class='ocrx_word' id='word_1_26' title='bbox 1342 1867 1518 1940; x_wconf 74' lang='lat' dir='ltr'><strong>(Orig.</strong></span> <span class='ocrx_word' id='word_1_27' title='bbox 1549 1884 1596 1924; x_wconf 80' lang='lat' dir='ltr'><strong>s.</strong></span> <span class='ocrx_word' id='word_1_28' title='bbox 1624 1868 1819 1940; x_wconf 67' lang='lat' dir='ltr'><strong>purch.</strong></span> <span class='ocrx_word' id='word_1_29' title='bbox 1851 1867 2020 1924; x_wconf 78' lang='lat' dir='ltr'><strong>Arch.</strong></span> <span class='ocrx_word' id='word_1_30' title='bbox 2051 1866 2128 1923; x_wconf 90' lang='lat' dir='ltr'><strong>du</strong></span> <span class='ocrx_word' id='word_1_31' title='bbox 2155 1867 2361 1936; x_wconf 81' lang='lat' dir='ltr'><strong>Loiret‚</strong></span> <span class='ocrx_word' id='word_1_32' title='bbox 2393 1867 2461 1924; x_wconf 90' lang='lat' dir='ltr'><strong>G.</strong></span> <span class='ocrx_word' id='word_1_33' title='bbox 2496 1865 2651 1939; x_wconf 87' lang='lat'>350.)</span> 
     </span>
    </p>
   </div>
   <div class='ocr_carea' id='block_1_6' title="bbox 867 2107 3122 4375">
    <p class='ocr_par' dir='ltr' id='par_1_6' title="bbox 867 2107 3122 4375">
     <span class='ocr_line' id='line_1_7' title="bbox 961 2107 3119 2204; baseline -0.002 -21"><span class='ocrx_word' id='word_1_34' title='bbox 961 2108 1281 2183; x_wconf 87' lang='lat' dir='ltr'><strong>Uuiversis</strong></span> <span class='ocrx_word' id='word_1_35' title='bbox 1312 2124 1649 2204; x_wconf 79' lang='lat' dir='ltr'><strong>presentes</strong></span> <span class='ocrx_word' id='word_1_36' title='bbox 1685 2109 1931 2182; x_wconf 80' lang='lat' dir='ltr'><strong>litteras</strong></span> <span class='ocrx_word' id='word_1_37' title='bbox 1967 2108 2356 2202; x_wconf 89' lang='lat' dir='ltr'><strong>inspecturis</strong></span> <span class='ocrx_word' id='word_1_38' title='bbox 2384 2107 2677 2181; x_wconf 84' lang='lat' dir='ltr'><strong>officialis</strong></span> <span class='ocrx_word' id='word_1_39' title='bbox 2717 2110 3119 2180; x_wconf 77' lang='lat' dir='ltr'><strong>Aurelianen-</strong></span> 
     </span>
     <span class='ocr_line' id='line_1_8' title="bbox 867 2221 3114 2316; baseline -0.002 -18"><span class='ocrx_word' id='word_1_40' title='bbox 867 2224 961 2298; x_wconf 90' lang='lat' dir='ltr'><strong>sis</strong></span> <span class='ocrx_word' id='word_1_41' title='bbox 1010 2227 1282 2297; x_wconf 90' lang='lat' dir='ltr'><strong>salutem</strong></span> <span class='ocrx_word' id='word_1_42' title='bbox 1344 2224 1409 2295; x_wconf 89' lang='lat' dir='ltr'><strong>in</strong></span> <span class='ocrx_word' id='word_1_43' title='bbox 1470 2225 1776 2296; x_wconf 89' lang='lat' dir='ltr'><strong>Domino.</strong></span> <span class='ocrx_word' id='word_1_44' title='bbox 1824 2223 2139 2296; x_wconf 90' lang='lat' dir='ltr'><strong>Noveritis</strong></span> <span class='ocrx_word' id='word_1_45' title='bbox 2197 2225 2371 2315; x_wconf 88' lang='lat' dir='ltr'><strong>quod</strong></span> <span class='ocrx_word' id='word_1_46' title='bbox 2413 2223 2477 2294; x_wconf 90' lang='lat' dir='ltr'><strong>in</strong></span> <span class='ocrx_word' id='word_1_47' title='bbox 2519 2236 2736 2296; x_wconf 86' lang='lat' dir='ltr'><strong>nostra</strong></span> <span class='ocrx_word' id='word_1_48' title='bbox 2798 2221 3114 2316; x_wconf 74' lang='lat' dir='ltr'><strong>presentia</strong></span> 
     </span>
     <span class='ocr_line' id='line_1_9' title="bbox 867 2338 3122 2431; baseline -0.003 -20"><span class='ocrx_word' id='word_1_49' title='bbox 867 2338 1199 2411; x_wconf 88' lang='lat' dir='ltr'><strong>constituti</strong></span> <span class='ocrx_word' id='word_1_50' title='bbox 1265 2341 1629 2431; x_wconf 86' lang='lat' dir='ltr'><strong>Stephanus</strong></span> <span class='ocrx_word' id='word_1_51' title='bbox 1678 2339 2054 2421; x_wconf 74' lang='lat' dir='ltr'><strong>Marescalli‚</strong></span> <span class='ocrx_word' id='word_1_52' title='bbox 2098 2338 2309 2421; x_wconf 90' lang='lat' dir='ltr'><strong>miles,</strong></span> <span class='ocrx_word' id='word_1_53' title='bbox 2347 2352 2411 2409; x_wconf 87' lang='lat' dir='ltr'><strong>et</strong></span> <span class='ocrx_word' id='word_1_54' title='bbox 2456 2339 2749 2410; x_wconf 84' lang='lat' dir='ltr'><strong>Ysabella</strong></span> <span class='ocrx_word' id='word_1_55' title='bbox 2790 2340 2937 2429; x_wconf 87' lang='lat' dir='ltr'><strong>ejus</strong></span> <span class='ocrx_word' id='word_1_56' title='bbox 2976 2358 3122 2407; x_wconf 84' lang='lat' dir='ltr'><strong>uxor</strong></span> 
     </span>
     <span class='ocr_line' id='line_1_10' title="bbox 868 2450 3120 2544; baseline -0.002 -19"><span class='ocrx_word' id='word_1_57' title='bbox 868 2465 1066 2525; x_wconf 90' lang='lat' dir='ltr'><strong>totam</strong></span> <span class='ocrx_word' id='word_1_58' title='bbox 1135 2451 1458 2525; x_wconf 86' lang='lat' dir='ltr'><strong>censivam</strong></span> <span class='ocrx_word' id='word_1_59' title='bbox 1535 2455 1615 2524; x_wconf 92' lang='lat' dir='ltr'><strong>de</strong></span> <span class='ocrx_word' id='word_1_60' title='bbox 1676 2455 1735 2524; x_wconf 90' lang='lat' dir='ltr'><strong>la</strong></span> <span class='ocrx_word' id='word_1_61' title='bbox 1804 2452 1976 2524; x_wconf 86' lang='lat' dir='ltr'><strong>Cue¹</strong></span> <span class='ocrx_word' id='word_1_62' title='bbox 2039 2453 2188 2543; x_wconf 80' lang='lat' dir='ltr'><strong>(sic)</strong></span> <span class='ocrx_word' id='word_1_63' title='bbox 2250 2474 2448 2544; x_wconf 88' lang='lat' dir='ltr'><strong>prope</strong></span> <span class='ocrx_word' id='word_1_64' title='bbox 2520 2450 2992 2544; x_wconf 73' lang='lat' dir='ltr'><strong>Mesongiraudi</strong></span> <span class='ocrx_word' id='word_1_65' title='bbox 3062 2464 3120 2521; x_wconf 89' lang='lat' dir='ltr'><strong>et</strong></span> 
     </span>
     <span class='ocr_line' id='line_1_11' title="bbox 868 2566 3117 2659; baseline -0.002 -20"><span class='ocrx_word' id='word_1_66' title='bbox 868 2590 1101 2639; x_wconf 90' lang='lat' dir='ltr'><strong>omnes</strong></span> <span class='ocrx_word' id='word_1_67' title='bbox 1161 2566 1430 2659; x_wconf 78' lang='lat' dir='ltr'><strong>gallinas</strong></span> <span class='ocrx_word' id='word_1_68' title='bbox 1484 2569 1825 2639; x_wconf 86' lang='lat' dir='ltr'><strong>censuales</strong></span> <span class='ocrx_word' id='word_1_69' title='bbox 1886 2566 2008 2639; x_wconf 91' lang='lat' dir='ltr'><strong>sibi</strong></span> <span class='ocrx_word' id='word_1_70' title='bbox 2069 2567 2321 2638; x_wconf 88' lang='lat' dir='ltr'><strong>debitas</strong></span> <span class='ocrx_word' id='word_1_71' title='bbox 2380 2567 2446 2636; x_wconf 92' lang='lat' dir='ltr'><strong>in</strong></span> <span class='ocrx_word' id='word_1_72' title='bbox 2513 2569 2687 2638; x_wconf 90' lang='lat' dir='ltr'><strong>dicto</strong></span> <span class='ocrx_word' id='word_1_73' title='bbox 2737 2569 2913 2651; x_wconf 87' lang='lat' dir='ltr'><strong>loco,</strong></span> <span class='ocrx_word' id='word_1_74' title='bbox 2975 2566 3117 2637; x_wconf 90' lang='lat' dir='ltr'><strong>item</strong></span> 
     </span>
     <span class='ocr_line' id='line_1_12' title="bbox 871 2680 3118 2772; baseline -0.002 -18"><span class='ocrx_word' id='word_1_75' title='bbox 871 2680 1195 2754; x_wconf 84' lang='lat' dir='ltr'><strong>sexdecim</strong></span> <span class='ocrx_word' id='word_1_76' title='bbox 1233 2680 1533 2753; x_wconf 88' lang='lat' dir='ltr'><strong>denarios</strong></span> <span class='ocrx_word' id='word_1_77' title='bbox 1567 2684 1910 2753; x_wconf 88' lang='lat' dir='ltr'><strong>censuales</strong></span> <span class='ocrx_word' id='word_1_78' title='bbox 1939 2704 2103 2772; x_wconf 81' lang='lat' dir='ltr'><strong>quos</strong></span> <span class='ocrx_word' id='word_1_79' title='bbox 2143 2680 2444 2754; x_wconf 88' lang='lat' dir='ltr'><strong>dicebant</strong></span> <span class='ocrx_word' id='word_1_80' title='bbox 2476 2703 2547 2752; x_wconf 90' lang='lat' dir='ltr'><strong>se</strong></span> <span class='ocrx_word' id='word_1_81' title='bbox 2585 2684 2822 2753; x_wconf 89' lang='lat' dir='ltr'><strong>hahere</strong></span> <span class='ocrx_word' id='word_1_82' title='bbox 2876 2693 2944 2753; x_wconf 90' lang='lat' dir='ltr'><strong>et</strong></span> <span class='ocrx_word' id='word_1_83' title='bbox 2984 2702 3118 2771; x_wconf 86' lang='lat' dir='ltr'><strong>pos·</strong></span> 
     </span>
     <span class='ocr_line' id='line_1_13' title="bbox 870 2794 3116 2888; baseline -0.002 -20"><span class='ocrx_word' id='word_1_84' title='bbox 870 2796 1083 2869; x_wconf 88' lang='lat' dir='ltr'><strong>sidere</strong></span> <span class='ocrx_word' id='word_1_85' title='bbox 1114 2800 1213 2868; x_wconf 91' lang='lat' dir='ltr'><strong>vel</strong></span> <span class='ocrx_word' id='word_1_86' title='bbox 1252 2796 1434 2887; x_wconf 89' lang='lat' dir='ltr'><strong>quasi</strong></span> <span class='ocrx_word' id='word_1_87' title='bbox 1464 2818 1660 2887; x_wconf 90' lang='lat' dir='ltr'><strong>super</strong></span> <span class='ocrx_word' id='word_1_88' title='bbox 1676 2811 1950 2887; x_wconf 88' lang='lat' dir='ltr'><strong>quatuor</strong></span> <span class='ocrx_word' id='word_1_89' title='bbox 1971 2794 2256 2888; x_wconf 87' lang='lat' dir='ltr'><strong>arpentis</strong></span> <span class='ocrx_word' id='word_1_90' title='bbox 2296 2808 2463 2867; x_wconf 91' lang='lat' dir='ltr'><strong>terre</strong></span> <span class='ocrx_word' id='word_1_91' title='bbox 2502 2794 2645 2866; x_wconf 92' lang='lat' dir='ltr'><strong>sitis</strong></span> <span class='ocrx_word' id='word_1_92' title='bbox 2666 2809 2835 2867; x_wconf 90' lang='lat' dir='ltr'><strong>retro</strong></span> <span class='ocrx_word' id='word_1_93' title='bbox 2863 2796 3116 2866; x_wconf 88' lang='lat' dir='ltr'><strong>domum</strong></span> 
     </span>
     <span class='ocr_line' id='line_1_14' title="bbox 873 2907 3117 3002; baseline -0.003 -19"><span class='ocrx_word' id='word_1_94' title='bbox 873 2910 1303 3002; x_wconf 83' lang='lat' dir='ltr'><strong>Mesigiraudi,</strong></span> <span class='ocrx_word' id='word_1_95' title='bbox 1345 2926 1681 2981; x_wconf 88' lang='lat' dir='ltr'><strong>moventes</strong></span> <span class='ocrx_word' id='word_1_96' title='bbox 1721 2933 1796 2981; x_wconf 83' lang='lat' dir='ltr'><strong>ex</strong></span> <span class='ocrx_word' id='word_1_97' title='bbox 1820 2924 1997 3001; x_wconf 87' lang='lat' dir='ltr'><strong>parte</strong></span> <span class='ocrx_word' id='word_1_98' title='bbox 2028 2907 2180 2980; x_wconf 90' lang='lat' dir='ltr'><strong>dicti</strong></span> <span class='ocrx_word' id='word_1_99' title='bbox 2223 2908 2469 2992; x_wconf 89' lang='lat' dir='ltr'><strong>militis,</strong></span> <span class='ocrx_word' id='word_1_100' title='bbox 2498 2923 2565 2980; x_wconf 89' lang='lat' dir='ltr'><strong>ut</strong></span> <span class='ocrx_word' id='word_1_101' title='bbox 2597 2908 2929 2993; x_wconf 82' lang='lat' dir='ltr'><strong>dicebant,</strong></span> <span class='ocrx_word' id='word_1_102' title='bbox 2969 2930 3117 2999; x_wconf 86' lang='lat' dir='ltr'><strong>quas</strong></span> 
     </span>
     <span class='ocr_line' id='line_1_15' title="bbox 873 3020 3114 3114; baseline -0.004 -17"><span class='ocrx_word' id='word_1_103' title='bbox 873 3022 1172 3096; x_wconf 90' lang='lat' dir='ltr'><strong>censivas</strong></span> <span class='ocrx_word' id='word_1_104' title='bbox 1223 3026 1526 3094; x_wconf 88' lang='lat' dir='ltr'><strong>tenebant</strong></span> <span class='ocrx_word' id='word_1_105' title='bbox 1583 3046 1618 3093; x_wconf 88' lang='lat' dir='ltr'><strong>a</strong></span> <span class='ocrx_word' id='word_1_106' title='bbox 1675 3023 2153 3094; x_wconf 89' lang='lat' dir='ltr'><strong>venerabilibus</strong></span> <span class='ocrx_word' id='word_1_107' title='bbox 2209 3021 2361 3092; x_wconf 85' lang='lat' dir='ltr'><strong>viris</strong></span> <span class='ocrx_word' id='word_1_108' title='bbox 2419 3025 2666 3093; x_wconf 88' lang='lat' dir='ltr'><strong>decano</strong></span> <span class='ocrx_word' id='word_1_109' title='bbox 2720 3035 2786 3093; x_wconf 90' lang='lat' dir='ltr'><strong>et</strong></span> <span class='ocrx_word' id='word_1_110' title='bbox 2847 3020 3114 3114; x_wconf 84' lang='lat' dir='ltr'><strong>capitulo</strong></span> 
     </span>
     <span class='ocr_line' id='line_1_16' title="bbox 874 3135 3113 3219; baseline -0.003 -10"><span class='ocrx_word' id='word_1_111' title='bbox 874 3135 1462 3219; x_wconf 82' lang='lat' dir='ltr'><strong>Aurelianensihus,</strong></span> <span class='ocrx_word' id='word_1_112' title='bbox 1542 3138 1830 3208; x_wconf 88' lang='lat' dir='ltr'><strong>vendunt</strong></span> <span class='ocrx_word' id='word_1_113' title='bbox 1903 3149 1966 3208; x_wconf 86' lang='lat' dir='ltr'><strong>et</strong></span> <span class='ocrx_word' id='word_1_114' title='bbox 2042 3135 2307 3208; x_wconf 88' lang='lat' dir='ltr'><strong>nomine</strong></span> <span class='ocrx_word' id='word_1_115' title='bbox 2372 3135 2772 3208; x_wconf 85' lang='lat' dir='ltr'><strong>vendicionis</strong></span> <span class='ocrx_word' id='word_1_116' title='bbox 2843 3139 3113 3217; x_wconf 90' lang='lat' dir='ltr'><strong>tradunt,</strong></span> 
     </span>
     <span class='ocr_line' id='line_1_17' title="bbox 871 3248 3112 3348; baseline -0.002 -26"><span class='ocrx_word' id='word_1_117' title='bbox 871 3256 1122 3343; x_wconf 85' lang='lat' dir='ltr'><strong>quitant</strong></span> <span class='ocrx_word' id='word_1_118' title='bbox 1170 3254 1432 3343; x_wconf 79' lang='lat' dir='ltr'><strong>penitus</strong></span> <span class='ocrx_word' id='word_1_119' title='bbox 1458 3265 1523 3323; x_wconf 84' lang='lat' dir='ltr'><strong>et</strong></span> <span class='ocrx_word' id='word_1_120' title='bbox 1550 3251 1880 3322; x_wconf 90' lang='lat' dir='ltr'><strong>dimittunt</strong></span> <span class='ocrx_word' id='word_1_121' title='bbox 1919 3274 2136 3322; x_wconf 87' lang='lat' dir='ltr'><strong>coram</strong></span> <span class='ocrx_word' id='word_1_122' title='bbox 2165 3249 2351 3322; x_wconf 89' lang='lat' dir='ltr'><strong>nohis</strong></span> <span class='ocrx_word' id='word_1_123' title='bbox 2390 3250 2621 3348; x_wconf 86' lang='lat' dir='ltr'><strong>injure</strong></span> <span class='ocrx_word' id='word_1_124' title='bbox 2653 3248 3112 3322; x_wconf 87' lang='lat' dir='ltr'><strong>venerabilibus</strong></span> 
     </span>
     <span class='ocr_line' id='line_1_18' title="bbox 875 3361 3113 3457; baseline -0.001 -23"><span class='ocrx_word' id='word_1_125' title='bbox 875 3364 1023 3435; x_wconf 88' lang='lat' dir='ltr'><strong>viris</strong></span> <span class='ocrx_word' id='word_1_126' title='bbox 1049 3369 1292 3437; x_wconf 88' lang='lat' dir='ltr'><strong>decano</strong></span> <span class='ocrx_word' id='word_1_127' title='bbox 1331 3380 1395 3437; x_wconf 91' lang='lat' dir='ltr'><strong>et</strong></span> <span class='ocrx_word' id='word_1_128' title='bbox 1427 3364 1707 3457; x_wconf 87' lang='lat' dir='ltr'><strong>capitulo</strong></span> <span class='ocrx_word' id='word_1_129' title='bbox 1749 3366 2316 3437; x_wconf 80' lang='lat' dir='ltr'><strong>Aurelianensibus</strong></span> <span class='ocrx_word' id='word_1_130' title='bbox 2355 3388 2468 3456; x_wconf 87' lang='lat' dir='ltr'><strong>pro</strong></span> <span class='ocrx_word' id='word_1_131' title='bbox 2504 3363 2723 3456; x_wconf 83' lang='lat' dir='ltr'><strong>viginti</strong></span> <span class='ocrx_word' id='word_1_132' title='bbox 2755 3381 2906 3437; x_wconf 89' lang='lat' dir='ltr'><strong>octo</strong></span> <span class='ocrx_word' id='word_1_133' title='bbox 2948 3361 3113 3435; x_wconf 89' lang='lat' dir='ltr'><strong>libris</strong></span> 
     </span>
     <span class='ocr_line' id='line_1_19' title="bbox 875 3477 3115 3571; baseline -0.001 -22"><span class='ocrx_word' id='word_1_134' title='bbox 875 3478 1352 3571; x_wconf 90' lang='lat' dir='ltr'><strong>parisiensium,</strong></span> <span class='ocrx_word' id='word_1_135' title='bbox 1396 3481 1475 3550; x_wconf 88' lang='lat' dir='ltr'><strong>de</strong></span> <span class='ocrx_word' id='word_1_136' title='bbox 1514 3477 1751 3570; x_wconf 89' lang='lat' dir='ltr'><strong>quibus</strong></span> <span class='ocrx_word' id='word_1_137' title='bbox 1791 3502 1864 3551; x_wconf 91' lang='lat' dir='ltr'><strong>se</strong></span> <span class='ocrx_word' id='word_1_138' title='bbox 1915 3492 2258 3551; x_wconf 90' lang='lat' dir='ltr'><strong>tenuerunt</strong></span> <span class='ocrx_word' id='word_1_139' title='bbox 2292 3478 2446 3550; x_wconf 87' lang='lat' dir='ltr'><strong>dicti</strong></span> <span class='ocrx_word' id='word_1_140' title='bbox 2480 3478 2845 3551; x_wconf 86' lang='lat' dir='ltr'><strong>venditores</strong></span> <span class='ocrx_word' id='word_1_141' title='bbox 2884 3478 3115 3567; x_wconf 86' lang='lat' dir='ltr'><strong>integre</strong></span> 
     </span>
     <span class='ocr_line' id='line_1_20' title="bbox 875 3592 3112 3686; baseline -0.002 -21"><span class='ocrx_word' id='word_1_142' title='bbox 875 3618 989 3686; x_wconf 92' lang='lat' dir='ltr'><strong>pro</strong></span> <span class='ocrx_word' id='word_1_143' title='bbox 1015 3593 1256 3685; x_wconf 82' lang='lat' dir='ltr'><strong>pagatis</strong></span> <span class='ocrx_word' id='word_1_144' title='bbox 1284 3592 1347 3662; x_wconf 90' lang='lat' dir='ltr'><strong>in</strong></span> <span class='ocrx_word' id='word_1_145' title='bbox 1379 3592 1653 3684; x_wconf 90' lang='lat' dir='ltr'><strong>pecunia</strong></span> <span class='ocrx_word' id='word_1_146' title='bbox 1695 3607 2051 3679; x_wconf 88' lang='lat' dir='ltr'><strong>numerata,</strong></span> <span class='ocrx_word' id='word_1_147' title='bbox 2085 3597 2220 3685; x_wconf 78' lang='lat' dir='ltr'><strong>juS,</strong></span> <span class='ocrx_word' id='word_1_148' title='bbox 2243 3592 2631 3676; x_wconf 86' lang='lat' dir='ltr'><strong>dominium,</strong></span> <span class='ocrx_word' id='word_1_149' title='bbox 2666 3597 3112 3685; x_wconf 87' lang='lat' dir='ltr'><strong>proprietatem</strong></span> 
     </span>
     <span class='ocr_line' id='line_1_21' title="bbox 873 3702 3115 3800; baseline -0.003 -20"><span class='ocrx_word' id='word_1_150' title='bbox 873 3723 938 3781; x_wconf 88' lang='lat' dir='ltr'><strong>et</strong></span> <span class='ocrx_word' id='word_1_151' title='bbox 980 3706 1464 3800; x_wconf 88' lang='lat' dir='ltr'><strong>possessionem</strong></span> <span class='ocrx_word' id='word_1_152' title='bbox 1524 3721 1665 3778; x_wconf 79' lang='lat' dir='ltr'><strong>etc..</strong></span> <span class='ocrx_word' id='word_1_153' title='bbox 1769 3709 2215 3780; x_wconf 81' lang='lat' dir='ltr'><strong>transferendo</strong></span> <span class='ocrx_word' id='word_1_154' title='bbox 2254 3723 2319 3780; x_wconf 84' lang='lat' dir='ltr'><strong>et</strong></span> <span class='ocrx_word' id='word_1_155' title='bbox 2363 3708 2562 3780; x_wconf 92' lang='lat' dir='ltr'><strong>nichil</strong></span> <span class='ocrx_word' id='word_1_156' title='bbox 2618 3707 2740 3780; x_wconf 90' lang='lat' dir='ltr'><strong>sihi</strong></span> <span class='ocrx_word' id='word_1_157' title='bbox 2770 3718 2946 3781; x_wconf 80' lang='lat' dir='ltr'><strong>etc...</strong></span> <span class='ocrx_word' id='word_1_158' title='bbox 2980 3702 3115 3778; x_wconf 91' lang='lat' dir='ltr'><strong>reti·</strong></span> 
     </span>
     <span class='ocr_line' id='line_1_22' title="bbox 876 3820 3114 3915; baseline -0.002 -21"><span class='ocrx_word' id='word_1_159' title='bbox 876 3825 1111 3895; x_wconf 91' lang='lat' dir='ltr'><strong>nendo.</strong></span> <span class='ocrx_word' id='word_1_160' title='bbox 1155 3820 1634 3906; x_wconf 84' lang='lat' dir='ltr'><strong>Promittentes‚</strong></span> <span class='ocrx_word' id='word_1_161' title='bbox 1675 3833 1850 3894; x_wconf 77' lang='lat' dir='ltr'><strong>etc...</strong></span> <span class='ocrx_word' id='word_1_162' title='bbox 1907 3826 2108 3894; x_wconf 86' lang='lat' dir='ltr'><strong>Immo</strong></span> <span class='ocrx_word' id='word_1_163' title='bbox 2152 3822 2607 3915; x_wconf 89' lang='lat' dir='ltr'><strong>promiserunt,</strong></span> <span class='ocrx_word' id='word_1_164' title='bbox 2648 3838 2821 3894; x_wconf 80' lang='lat' dir='ltr'><strong>etc...</strong></span> <span class='ocrx_word' id='word_1_165' title='bbox 2866 3822 3114 3912; x_wconf 81' lang='lat' dir='ltr'><strong>Obliga-</strong></span> 
     </span>
     <span class='ocr_line' id='line_1_23' title="bbox 876 3936 3114 4034; baseline -0.003 -25"><span class='ocrx_word' id='word_1_166' title='bbox 876 3951 1104 4009; x_wconf 89' lang='lat' dir='ltr'><strong>verunt</strong></span> <span class='ocrx_word' id='word_1_167' title='bbox 1150 3945 1363 4019; x_wconf 83' lang='lat' dir='ltr'><strong>etc...‚</strong></span> <span class='ocrx_word' id='word_1_168' title='bbox 1438 3951 1885 4028; x_wconf 90' lang='lat' dir='ltr'><strong>supponentes</strong></span> <span class='ocrx_word' id='word_1_169' title='bbox 1946 3960 2016 4007; x_wconf 90' lang='lat' dir='ltr'><strong>se</strong></span> <span class='ocrx_word' id='word_1_170' title='bbox 2077 3960 2200 4007; x_wconf 88' lang='lat' dir='ltr'><strong>una</strong></span> <span class='ocrx_word' id='word_1_171' title='bbox 2239 3960 2383 4034; x_wconf 86' lang='lat' dir='ltr'><strong>cum</strong></span> <span class='ocrx_word' id='word_1_172' title='bbox 2424 3936 2726 4009; x_wconf 87' lang='lat' dir='ltr'><strong>omnihus</strong></span> <span class='ocrx_word' id='word_1_173' title='bbox 2760 3936 2948 4009; x_wconf 90' lang='lat' dir='ltr'><strong>honis</strong></span> <span class='ocrx_word' id='word_1_174' title='bbox 2991 3937 3114 4007; x_wconf 84' lang='lat' dir='ltr'><strong>suis</strong></span> 
     </span>
     <span class='ocr_line' id='line_1_24' title="bbox 874 4049 3114 4144; baseline -0.001 -23"><span class='ocrx_word' id='word_1_175' title='bbox 874 4066 1184 4144; x_wconf 88' lang='lat' dir='ltr'><strong>quantum</strong></span> <span class='ocrx_word' id='word_1_176' title='bbox 1224 4054 1302 4122; x_wconf 87' lang='lat' dir='ltr'><strong>ad</strong></span> <span class='ocrx_word' id='word_1_177' title='bbox 1362 4051 1644 4142; x_wconf 87' lang='lat' dir='ltr'><strong>predicta</strong></span> <span class='ocrx_word' id='word_1_178' title='bbox 1689 4050 2086 4142; x_wconf 87' lang='lat' dir='ltr'><strong>juridictioni</strong></span> <span class='ocrx_word' id='word_1_179' title='bbox 2141 4049 2316 4123; x_wconf 88' lang='lat' dir='ltr'><strong>curie</strong></span> <span class='ocrx_word' id='word_1_180' title='bbox 2361 4052 2879 4136; x_wconf 79' lang='lat' dir='ltr'><strong>Aurelianensis3</strong></span> <span class='ocrx_word' id='word_1_181' title='bbox 2926 4066 2988 4122; x_wconf 90' lang='lat' dir='ltr'><strong>et</strong></span> <span class='ocrx_word' id='word_1_182' title='bbox 3028 4071 3114 4119; x_wconf 89' lang='lat' dir='ltr'><strong>re·</strong></span> 
     </span>
     <span class='ocr_line' id='line_1_25' title="bbox 878 4164 3114 4257; baseline -0.002 -20"><span class='ocrx_word' id='word_1_183' title='bbox 878 4165 1364 4250; x_wconf 83' lang='lat' dir='ltr'><strong>nunciaverunt,</strong></span> <span class='ocrx_word' id='word_1_184' title='bbox 1415 4177 1588 4237; x_wconf 77' lang='lat' dir='ltr'><strong>etc...</strong></span> <span class='ocrx_word' id='word_1_185' title='bbox 1641 4169 1711 4235; x_wconf 88' lang='lat' dir='ltr'><strong>In</strong></span> <span class='ocrx_word' id='word_1_186' title='bbox 1767 4165 1951 4257; x_wconf 85' lang='lat' dir='ltr'><strong>cujus</strong></span> <span class='ocrx_word' id='word_1_187' title='bbox 2008 4166 2100 4238; x_wconf 87' lang='lat' dir='ltr'><strong>rei</strong></span> <span class='ocrx_word' id='word_1_188' title='bbox 2147 4164 2521 4238; x_wconf 90' lang='lat' dir='ltr'><strong>memoriam</strong></span> <span class='ocrx_word' id='word_1_189' title='bbox 2573 4181 2634 4238; x_wconf 89' lang='lat' dir='ltr'><strong>et</strong></span> <span class='ocrx_word' id='word_1_190' title='bbox 2693 4165 3114 4237; x_wconf 86' lang='lat' dir='ltr'><strong>testimonium</strong></span> 
     </span>
     <span class='ocr_line' id='line_1_26' title="bbox 880 4279 3118 4375; baseline -0.002 -22"><span class='ocrx_word' id='word_1_191' title='bbox 880 4281 1284 4375; x_wconf 87' lang='lat' dir='ltr'><strong>presentibus</strong></span> <span class='ocrx_word' id='word_1_192' title='bbox 1339 4280 1568 4352; x_wconf 90' lang='lat' dir='ltr'><strong>litteris</strong></span> <span class='ocrx_word' id='word_1_193' title='bbox 1621 4284 1699 4352; x_wconf 90' lang='lat' dir='ltr'><strong>ad</strong></span> <span class='ocrx_word' id='word_1_194' title='bbox 1759 4279 2260 4372; x_wconf 88' lang='lat' dir='ltr'><strong>requisicionem</strong></span> <span class='ocrx_word' id='word_1_195' title='bbox 2319 4281 2637 4354; x_wconf 90' lang='lat' dir='ltr'><strong>dictorum</strong></span> <span class='ocrx_word' id='word_1_196' title='bbox 2707 4279 3006 4374; x_wconf 87' lang='lat' dir='ltr'><strong>Stephani</strong></span> <span class='ocrx_word' id='word_1_197' title='bbox 3059 4290 3118 4349; x_wconf 85' lang='lat' dir='ltr'><strong>et</strong></span> 
     </span>
    </p>
   </div>
   <div class='ocr_carea' id='block_1_7' title="bbox 881 4597 3112 4760">
    <p class='ocr_par' dir='ltr' id='par_1_7' title="bbox 881 4597 3112 4760">
     <span class='ocr_line' id='line_1_27' title="bbox 951 4597 3112 4673; baseline -0.002 -18"><span class='ocrx_word' id='word_1_198' title='bbox 951 4599 965 4631; x_wconf 88' lang='lat'><strong>¹</strong></span> <span class='ocrx_word' id='word_1_199' title='bbox 1009 4619 1035 4655; x_wconf 83' lang='lat'><strong>‹</strong></span> <span class='ocrx_word' id='word_1_200' title='bbox 1077 4602 1154 4657; x_wconf 88' lang='lat' dir='ltr'><strong>La</strong></span> <span class='ocrx_word' id='word_1_201' title='bbox 1194 4600 1343 4656; x_wconf 87' lang='lat' dir='ltr'><strong>Cuve</strong></span> <span class='ocrx_word' id='word_1_202' title='bbox 1396 4622 1445 4672; x_wconf 79' lang='lat'><strong>»,</strong></span> <span class='ocrx_word' id='word_1_203' title='bbox 1487 4600 1567 4656; x_wconf 88' lang='lat' dir='ltr'><strong>dit</strong></span> <span class='ocrx_word' id='word_1_204' title='bbox 1614 4617 1691 4656; x_wconf 90' lang='lat' dir='ltr'><strong>un</strong></span> <span class='ocrx_word' id='word_1_205' title='bbox 1744 4601 1842 4657; x_wconf 85' lang='lat' dir='ltr'><strong>des</strong></span> <span class='ocrx_word' id='word_1_206' title='bbox 1870 4602 2029 4656; x_wconf 86' lang='lat' dir='ltr'><strong>titres</strong></span> <span class='ocrx_word' id='word_1_207' title='bbox 2090 4601 2164 4657; x_wconf 92' lang='lat' dir='ltr'><strong>du</strong></span> <span class='ocrx_word' id='word_1_208' title='bbox 2213 4601 2335 4667; x_wconf 88' lang='lat' dir='ltr'><strong>dos,</strong></span> <span class='ocrx_word' id='word_1_209' title='bbox 2369 4603 2483 4657; x_wconf 76' lang='lat' dir='ltr'><strong>tres</strong></span> <span class='ocrx_word' id='word_1_210' title='bbox 2537 4600 2858 4673; x_wconf 76' lang='lat' dir='ltr'><strong>posterieur</strong></span> <span class='ocrx_word' id='word_1_211' title='bbox 2913 4616 2978 4657; x_wconf 88' lang='lat' dir='ltr'><strong>en</strong></span> <span class='ocrx_word' id='word_1_212' title='bbox 3006 4597 3112 4651; x_wconf 85' lang='lat' dir='ltr'><strong>date</strong></span> 
     </span>
     <span class='ocr_line' id='line_1_28' title="bbox 881 4689 1247 4760; baseline -0.003 -14"><span class='ocrx_word' id='word_1_213' title='bbox 881 4694 996 4756; x_wconf 62' lang='grc' dir='ltr'><strong>(ιγ’</strong></span> <span class='ocrx_word' id='word_1_214' title='bbox 1034 4689 1247 4760; x_wconf 77' lang='lat' dir='ltr'><strong>siecle).</strong></span> 
     </span>
    </p>
   </div>
  </div>
 </body>
</html>
