3485 5571
1738 541 2089 604 -144-

792 666 1323 739 interdiceremus
1363 668 1602 751 officio,
1646 671 1853 739 donec
1893 692 2132 741 census
2170 691 2318 738 cum
2374 668 2692 759 condigna
2745 668 3032 740 satislac-

793 780 966 852 tione
1017 781 1264 873 integre
1330 783 1730 854 redderetur.
1787 786 2082 855 Preterea
2121 781 2186 852 in
2242 784 2403 854 sesto
2455 784 2624 854 beati
2670 786 2913 854 Thome
2966 782 3033 853 li-

795 897 970 966 bram
1003 918 1149 968 cere
1188 899 1553 987 persolvant
1592 896 1865 987 singulis
1926 896 2113 967 annis
2173 900 2251 967 ad
2312 896 2458 966 anni
2519 896 2663 967 novi
2722 896 3034 967 illumina-

793 1008 1057 1081 tionem.
1099 1014 1321 1081 Actum
1367 1009 1429 1079 in
1459 1009 1749 1102 *capitulo
1790 1014 2020 1082 Sancte
2071 1010 2316 1095 CruciS,
2379 1009 2737 1082 astantibus
2789 1009 3035 1102 majori·

793 1126 913 1194 bus
953 1124 1248 1215 personis
1288 1125 1547 1196 Simone
1588 1128 1859 1208 decano,
1895 1124 2156 1196 Girardo
2196 1140 2481 1211 cantore,
2542 1125 2845 1196 Zacharia
2873 1129 3030 1196 snb-

794 1239 1063 1318 decano,
1091 1240 1429 1327 Radulpho
1468 1237 1813 1331 capicerio,
1852 1242 2213 1309 Burchardo
2244 1237 2723 1321 archidiacono,
2782 1237 3034 1330 Algrino

794 1349 1271 1435 archidiacono,
1331 1355 1622 1423 ,iohanne
1687 1352 2166 1437 archidiacono,
2226 1357 2490 1443 lingone
2559 1351 3030 1423 archidiacono.

795 1466 979 1549 Quod
1040 1487 1122 1536 ne
1175 1478 1367 1556 queat
1421 1465 1742 1538 oblivione
1816 1463 2014 1537 deleri
2085 1466 2523 1560 a[u]ctoritate
2585 1466 2775 1557 sigilli
2841 1468 3036 1538 nostri

796 1578 1431 1653 subterfirmavimus,

1796 1909 2039 1969 Lxxiv

1848 2186 2005 2250 1153

798 2438 1199 2493 Confirmation
1230 2454 1331 2509 par
1354 2436 1602 2509 l‘eveque
1632 2436 1926 2494 d'Orleans
1957 2437 2026 2492 de
2050 2438 2211 2494 l’acte
2250 2438 2569 2508 precedent,
2609 2439 2865 2509 joignant
2917 2442 2950 2495 a
2995 2442 3047 2496 la

994 2535 1258 2590 donation
1289 2535 1343 2590 la
1370 2535 1550 2606 partie
1578 2551 1688 2606 que
1718 2535 2017 2589 lui-meme
2044 2534 2282 2606 possede
2307 2539 2364 2589 et
2386 2536 2527 2591 celle
2557 2535 2859 2594 d’Arraud.

940 2706 1121 2776 (Orig.
1155 2723 1200 2762 S.
1235 2706 1428 2777 parch.
1455 2706 1628 2762 Arch.
1657 2704 1733 2761 du
1764 2706 1970 2776 Loiret,
2005 2706 2070 2761 G.
2102 2706 2244 2773 3533
2275 2709 2525 2762 mention
2555 2705 2903 2778 Scriptum.)

886 2948 955 3013 In
987 2942 1247 3014 nomine
1285 2956 1506 3014 sancte
1528 2957 1592 3014 et
1624 2941 1948 3015 individue
1988 2942 2337 3014 Trinitatis,
2370 2947 2500 3034 Ego
2540 2948 2887 3028 Manasses,
2932 2944 3043 3016 Dei

798 3056 1243 3149 permissione>
1266 3056 1791 3127 victoriosissime
1849 3059 2081 3128 Crucis
2120 3059 2397 3128 ecclesie
2428 3056 2718 3128 minister
2754 3057 3043 3138 humilis,

799 3185 1021 3241 notum
1065 3168 1195 3240 fieri
1265 3173 1559 3240 volumus
1618 3169 1915 3240 fidelibus
1980 3170 2294 3242 universis
2370 3185 2496 3240 tam
2562 3172 2792 3241 suturis
2858 3193 3046 3261 quam

798 3281 1227 3373 presentibus,
1274 3285 1444 3372 quod
1479 3284 1941 3353 canonicorum
1983 3285 2061 3353 de
2105 3281 2426 3353 Firmitate
2469 3281 2698 3354 Abreni
2738 3281 3042 3373 peticioni

797 3394 1318 3486 adquiescentes,
1361 3410 1609 3486 gratum
1651 3394 2100 3486 impertientes
2155 3419 2519 3483 assensum,
2587 3395 2934 3468 ecclesiam
2966 3399 3043 3467 de

795 3509 974 3582 Naim
1012 3532 1204 3600 quam
1234 3533 1268 3580 a
1299 3532 1489 3581 manu
1532 3508 1794 3601 capituli
1844 3514 2077 3582 Sancte
2113 3510 2334 3582 Crucis
2379 3512 2751 3583 censualem
2794 3533 3048 3602 recepe·

797 3637 949 3696 runt
991 3623 1238 3694 eisdem
1300 3623 1631 3695 canonicis
1679 3638 1745 3695 et
1792 3624 2066 3696 ecclesie
2107 3624 2273 3696 beati
2328 3624 2755 3697 Bartholomei
2815 3628 3043 3696 confir·

798 3736 1111 3808 mavimus
1150 3753 1214 3809 et
1252 3738 1315 3808 in
1357 3753 1734 3831 perpetuum
1778 3737 2023 3829 integre
2062 3738 2518 3830 possidendam
2573 3738 3042 3811 concessimus.

799 3856 1048 3924 Partem
1088 3853 1278 3923 etiam
1341 3851 1511 3923 illam
1575 3856 1816 3945 prefate
1868 3852 2245 3924 donavimus
2301 3852 2576 3925 ecclesie
2623 3876 2816 3946 quam
2864 3853 3048 3924 nobis

799 3965 1265 4039 retinueramus
1299 3979 1363 4037 et
1400 3970 1706 4048 Arraudo,
1734 3965 1842 4057 qui
1874 3989 2015 4038 eam
2048 3969 2185 4058 jure
2224 3967 2608 4039 hereditario
2634 3970 3044 4053 reclamabat,

799 4084 877 4153 ad
914 4104 1181 4152 censum
1239 4083 1462 4152 decem
1502 4080 1883 4165 solidorum,
1927 4082 2114 4153 nobis
2163 4097 2227 4154 et
2267 4082 2779 4175 quibuscumque
2831 4098 3045 4155 nostra

800 4199 1092 4266 voluntas
1131 4194 1385 4279 suisset,
1414 4195 1684 4287 singulis
1707 4195 1893 4266 annis
1934 4199 2433 4281 reddendorum,
2476 4199 2781 4289 quamdiu
2811 4199 3046 4270 viveret

800 4313 1311 4394 donaveramus3
1378 4309 1676 4382 videlicet
1731 4325 1801 4382 ut
1858 4314 1980 4381 hoc
2046 4316 2238 4383 modo
2299 4335 2335 4383 a
2390 4336 2578 4385 manu
2639 4311 2844 4385 laicali
2911 4337 3048 4386 eam

800 4427 1170 4495 rethrahere
1220 4438 1285 4495 et
1340 4423 1654 4496 redimere
1699 4448 2064 4516 possemus.
2110 4429 2430 4512 Quamdiu
2475 4441 2688 4498 autem
2730 4430 3050 4499 Arraudus

801 4536 1046 4622 vixerit,
1085 4551 1329 4629 partem
1370 4537 1560 4610 istam
1608 4553 1796 4630 prout
1834 4537 1892 4610 ei
1950 4538 2395 4613 concessimus
2459 4543 2812 4633 possideat,
2855 4556 3045 4633 atque
