3485 5571
1759 706 1835 715 -
1879 669 1961 734 24
2001 702 2076 718 .-

882 806 1104 870 Actum
1149 800 1405 890 publice
1436 796 1792 869 Aurelianis
1848 801 1912 869 in
1945 797 2258 887 capitulo,
2292 819 2461 867 auno
2486 799 2568 869 ab
2599 797 3024 870 incarnatione

795 913 1051 985 Domini
1116 915 1375 994 MCLlll,
1432 912 1849 1004 episcopatus
1926 935 2076 983 vero
2137 914 2428 983 Manasse
2496 911 2784 1003 episcopi
2837 912 3024 982 nostri

793 1052 963 1100 anno
992 1032 1150 1109 Vlll,
1182 1027 1289 1118 qui
1311 1026 1501 1098 etiam
1530 1026 1719 1118 sigilli
1747 1026 1844 1096 sui
1869 1025 2330 1118 astipulatione
2357 1030 2521 1095 banc
2554 1026 2850 1117 paginam
2882 1049 3025 1096 con-

794 1143 1091 1230 firmavit,
1114 1156 1422 1233 regnante
1444 1140 2150 1235 Ludovico[rege]anno
2171 1144 2355 1212 XVll.
2387 1139 2756 1211 Astantibus
2784 1140 2846 1210 in
2871 1140 3027 1231 capi-

797 1260 933 1327 tulo
973 1256 1236 1328 Girardo
1269 1272 1554 1341 cantore,
1599 1256 1899 1328 Zacharia
1933 1258 2330 1340 subdecano,
2362 1258 2626 1326 Radulso
2693 1254 3024 1345 capicerio,

792 1369 1261 1441 archidiaconis
1320 1373 1686 1441 Burchardo
1748 1387 1814 1441 et
1874 1374 2192 1452 Johanne,
2254 1372 2569 1440 Garnaldo
2627 1384 3022 1454 succentore,
3115 1458 3120 1463 Ι

796 1484 1026 1555 Garino
1062 1485 1642 1577 archipresbytero,
1676 1485 1936 1556 Martino
1977 1488 2333 1576 capellano,
2365 1499 2727 1572 ceterisque
2759 1484 3017 1578 canoni-

793 1600 916 1680 cis,
945 1614 1011 1671 et
1036 1601 1223 1670 laicis
1249 1602 1564 1690 pluribus,
1597 1604 1863 1690 Hugone
1885 1602 1964 1670 de
1985 1604 2308 1680 Ruanova,
2336 1603 2600 1687 Hugone
2631 1600 3023 1675 buticulario,

792 1715 1092 1783 Jolduino
1124 1716 1202 1784 de
1244 1717 1607 1797 Castellari,
1648 1719 1913 1805 Hugone
1953 1716 2195 1804 majore
2233 1715 2315 1783 de
2346 1711 2544 1794 Toiri,
2569 1714 2810 1781 Radulfi
2854 1734 3029 1783 vena-

796 1841 957 1897 tore.

884 1946 1041 2012 Data
1074 1965 1190 2033 per
1231 1964 1493 2012 manum
1536 1941 1775 2032 Algi-ini
1817 1944 2199 2013 cancellarii.

1863 2307 1972 2367 xl!

1627 2610 2013 2690 Septembre
2044 2609 2200 2672 1115

797 2865 1102 2930 Daimhert,
1126 2863 1474 2935 archeveque
1500 2864 1570 2919 de
1595 2866 1756 2925 sens,
1787 2865 2020 2920 accorde
2057 2881 2128 2919 au
2161 2866 2409 2937 chapitre
2439 2866 2584 2921 deux
2624 2867 2803 2922 autels
2832 2868 2863 2922 a
2893 2867 3030 2921 Fon-

864 2960 1048 3014 taines
1080 2967 1132 3015 et
1155 2961 1187 3014 a
1219 2959 1448 3031 Ormoy,
1482 2977 1555 3015 au
1576 2977 1710 3032 pays
1742 2962 2083 3033 d'EtampeS,
2114 2978 2257 3034 pour
2275 2978 2388 3017 une
2416 2969 2574 3018 rente
2603 2963 2672 3017 de
2699 2964 2734 3016 5
2763 2978 2913 3018 sous.

1544 3131 1745 3203 (Copie
1775 3134 1844 3188 de
1874 3134 2100 3200 Baluze,
2132 3150 2189 3204 p.
2216 3135 2295 3202 5.)

885 3404 948 3469 ln
1011 3404 1269 3472 nornine
1346 3401 1627 3471 Domini.
1680 3402 2111 3486 Daimbertus,
2181 3417 2419 3474 sanctae
2468 3417 2685 3474 matris
2747 3402 3038 3475 ecclesiae

798 3514 1197 3585 Senonensis
1237 3515 1792 3606 archiepiscopus,
1820 3520 2172 3607 Stephano,
2215 3522 2465 3588 Sanctae
2507 3517 2727 3589 Crucis
2766 3521 3034 3602 decano,

795 3643 859 3700 et
902 3628 1200 3699 universo
1222 3632 1395 3700 clero
1453 3630 1931 3702 Aurelianensis
1966 3631 2285 3714 ecclesiae,
2329 3631 2486 3723 ipsis
2548 3647 2613 3702 et
2642 3632 3037 3704 successori·
3087 3664 3095 3671 ·

801 3746 919 3812 bus
955 3765 1176 3812 eorum
1211 3746 1274 3813 in
1299 3758 1703 3834 perpetuum.
1750 3744 2097 3817 petitiones
2136 3744 2355 3815 audire
2377 3749 2638 3815 fratrum
2685 3770 2802 3817 nos
2833 3751 3039 3819 horta-

799 3872 900 3926 tur
938 3859 1234 3926 traternae
1295 3857 1657 3928 dilectionis
1716 3862 2113 3944 mandatum,
2169 3861 2340 3949 quod
2397 3858 2584 3929 nobis
2653 3883 2762 3950 per
2833 3864 3034 3952 legem

794 3968 1102 4061 imposuit
1132 3971 1270 4060 ipse
1310 3970 1469 4061 legis
1509 3974 1906 4064 compositor
1940 3986 2001 4042 et
2027 3989 2279 4044 creator
2315 3971 2630 4044 omnium.
2677 3977 2831 4043 Cum
2867 3974 3034 4044 enim

795 4082 858 4153 in
901 4083 1105 4175 primo
1148 4084 1306 4175 legis
1347 4086 1489 4155 loco
1531 4088 1853 4177 posuisset
1882 4090 2133 4179 Diliyes
2169 4091 2525 4159 Dominum
2574 4091 2787 4160 Deum
2820 4102 3030 4173 tuum,

794 4197 1102 4268 continuo
1150 4221 1275 4269 non
1305 4202 1383 4268 ad
1414 4202 1678 4289 angelos
1709 4224 1829 4270 nec
1869 4203 1946 4270 ad
1987 4202 2157 4271 aliud
2198 4201 2430 4292 aliquid
2470 4201 2861 4294 diligendum
2917 4226 3035 4273 nos

793 4310 991 4396 misit,
1036 4315 1150 4381 sed
1176 4314 1253 4381 ad
1290 4314 1638 4403 proximos,
1672 4314 1999 4385 subiciens
2021 4325 2079 4386 el
2105 4320 2482 4406 proximum
2510 4328 2695 4388 tuum
2724 4329 3034 4410 tanquam

790 4437 848 4495 te
884 4429 1129 4517 ipsum.
1190 4427 1550 4497 Proximum
1610 4452 1756 4499 vero
1815 4444 2113 4520 tanquam
2157 4454 2227 4501 se
2267 4430 2530 4522 diligere
2589 4446 2688 4502 est
2726 4436 2805 4503 de
2849 4434 3035 4504 bonis

792 4536 1095 4627 proximi,
1165 4553 1468 4629 tanquam
1522 4542 1601 4610 de
1660 4543 1822 4623 suis,
1868 4565 2388 4633 unumquemque
2443 4544 2747 4637 cogitare,
2804 4550 3030 4618 eadem

790 4648 956 4720 circa
1038 4655 1272 4721 bonum
1338 4656 1497 4724 velle
1558 4660 1696 4725 sive
1751 4658 1943 4738 nolle,
2003 4660 2435 4746 congaudere,
2487 4663 2857 4744 condolere,
2920 4683 3034 4751 pro
