3485 5571
1390 633 1623 699 —427
1679 669 1748 684 -

439 765 632 838 etiam
664 763 970 857 quicquid
997 778 1236 849 actum,
1279 767 1546 850 tactum,
1574 778 1985 856 procuratum
2033 766 2154 835 tuit
2210 784 2428 835 coram
2494 758 2686 832 dictis

437 881 697 951 arbitris
725 902 841 971 pro
877 879 1065 950 nobis
1104 901 1220 951 seu
1245 891 1466 951 contra
1505 900 1626 951 nos
1662 877 1726 949 in
1759 877 2062 971 predictis
2091 875 2306 950 causis
2332 899 2443 969 per
2471 873 2685 946 dictos

435 1007 890 1089 procuratores
920 999 1016 1068 vel
1057 1017 1170 1088 per
1193 998 1467 1068 alterum
1511 997 1889 1067 eorumdem
1915 1017 2031 1067 seu
2063 1016 2178 1087 per
2227 991 2393 1065 alios
2455 1013 2688 1084 procu—

437 1124 686 1182 ratores
715 1123 997 1195 nostroS‚
1031 1121 1095 1182 et
1122 1113 1247 1182 hoc
1279 1112 1585 1182 omnibus
1608 1132 1882 1200 quorum
1914 1108 2185 1181 interest
2210 1107 2543 1198 signamus
2576 1127 2690 1197 per

439 1236 780 1317 presentes
811 1223 1054 1296 litteras
1121 1227 1242 1296 sub
1306 1224 1517 1317 sigillo
1570 1238 1794 1297 nostro
1840 1222 2174 1315 sigillatas.
2224 1226 2459 1293 Datum
2512 1242 2685 1290 anno

435 1339 697 1411 Domini
736 1336 992 1410 MCCLX
1034 1338 1258 1423 tercio,
1300 1338 1404 1412 die
1444 1342 1589 1412 lune
1624 1353 1772 1434 post
1802 1336 2191 1412 dominicam
2231 1359 2355 1427 qua
2394 1346 2689 1407 cantatur

443 1455 633 1528 Oculi
658 1455 811 1536 mei,
853 1475 1078 1525 mense
1116 1454 1351 1529 martii.

1429 1780 1706 1845 CCCXIX

1356 2066 1436 2130 ⁶26
1456 2068 1589 2130 mai
1612 2066 1770 2132 1270

431 2296 696 2353 Vidimus
757 2313 855 2369 par
916 2297 968 2352 le
1013 2297 1262 2369 chapitre
1310 2297 1379 2352 de
1436 2298 1688 2368 Bourges
1742 2298 1842 2354 des
1897 2298 2285 2355 ordonnances
2349 2300 2564 2371 royales
2616 2298 2685 2354 de

505 2410 657 2448 mars
689 2393 847 2465 1270,
880 2394 1187 2450 autorisant
1218 2394 1298 2449 les
1328 2393 1545 2465 larques
1575 2395 1966 2466 proprietaires
2004 2395 2075 2450 de
2118 2396 2295 2451 dimes
2326 2397 2362 2456 ἐι
2407 2397 2488 2451 les
2518 2395 2689 2451 ceder

508 2507 618 2547 aux
648 2491 849 2562 eglises
885 2507 1016 2547 sans
1046 2491 1413 2546 autorisation
1443 2491 1518 2547 du
1546 2491 1633 2546 roi
1661 2508 1735 2548 ou
1767 2492 1835 2545 de
1866 2509 1954 2547 ses
1981 2509 2361 2549 successeur&

431 2636 647 2708 (Copie.
682 2636 828 2693 Bibl.
859 2637 987 2693 Nat.
1020 2638 1270 2703 Moreau‚
1302 2636 1408 2692 194
1439 2636 1621 2706 :1333
1666 2658 1696 2692 α
1729 2639 1856 2694 Tire
1891 2638 1966 2694 du
1998 2640 2202 2695 cartul.
2255 2639 2323 2694 de
2367 2638 2580 2709 l'eglise
2618 2639 2688 2694 de

505 2733 880 2791 Sainte·Croix
910 2734 1222 2806 d’Orlenns,
1258 2736 1353 2791 fol.
1381 2735 1450 2792 27
1491 2747 1572 2791 vo.
1608 2752 1635 2789 ι
1662 2736 1883 2808 Envoye
1912 2754 2014 2809 par
2045 2740 2107 2795 D.
2137 2737 2184 2794 G
2214 2738 2386 2811 [eron]
2445 2738 2515 2793 de
2553 2736 2690 2792 l'ab-

501 2830 640 2902 haye
670 2832 739 2886 de
770 2831 1199 2900 Saint·Benoist‚
1233 2832 1284 2887 le
1309 2831 1346 2887 4
1369 2838 1531 2888 aoust
1556 2833 1742 2903 1765.)

680 2951 869 3022 (Publ.
902 2950 1309 3009 Ordonnances
1338 2953 1436 3009 des
1465 2953 1601 3010 Rois
1643 2954 1714 3010 de
1751 2955 1992 3023 Franco,
2027 2961 2064 3013 t.
2110 2957 2157 3027 1,
2197 2974 2253 3029 p.
2288 2955 2441 3024 102.)

525 3171 847 3243 Universis
879 3185 1215 3263 presentes
1255 3172 1496 3244 litteras
1548 3171 1938 3264 inspecturis
1988 3177 2269 3246 decanus
2319 3189 2383 3247 et
2438 3175 2685 3268 capitu-

429 3285 562 3354 lum
604 3284 1023 3357 Bituricensis
1059 3284 1332 3357 ecclesie
1368 3289 1642 3357 salntem
1677 3286 1739 3356 in
1792 3286 2089 3358 Domino.
2149 3292 2381 3359 Notum
2420 3289 2687 3361 facimus

427 3379 550 3469 nos
580 3397 819 3469 vidisse
860 3413 923 3470 et
979 3398 1321 3491 diligenter
1376 3399 1738 3489 inspexisse
1794 3423 1869 3471 ac
1926 3402 2005 3472 de
2046 3404 2241 3474 verbo
2286 3405 2366 3473 ad
2425 3408 2685 3474 verbum

429 3513 674 3603 legisse
712 3526 777 3584 et
808 3535 1008 3603 penes
1044 3537 1162 3584 nos
1199 3515 1432 3585 habere
1473 3499 1689 3585 literas
1731 3512 1936 3585 felicis
1978 3516 2441 3588 recordationis
2476 3520 2691 3589 Ludo-

429 3625 581 3709 vici‚
632 3624 749 3698 Dei
817 3627 1013 3718 gratia
1071 3631 1455 3699 Francorum
1498 3628 1714 3720 fregiS,
1769 3652 2040 3720 quarum
2082 3644 2269 3702 tenor
2317 3635 2437 3702 sub
2476 3632 2687 3724 sigillo

427 3743 725 3833 ejusdem
764 3741 1059 3831 seqnitur
1096 3740 1160 3811 in
1202 3746 1321 3813 hec
1360 3746 1550 3814 verba
1591 3767 1606 3813 ε

515 3854 898 3939 Ludovicus,
933 3854 1048 3926 Dei
1087 3855 1284 3946 gratia
1326 3860 1710 3928 Francorum
1775 3881 1906 3944 rex,
1951 3873 2173 3930 notum
2225 3859 2501 3931 facimus
2546 3862 2687 3931 uni-

423 3967 630 4040 versis
671 3983 797 4039 tam
835 3970 1246 4059 presentibus
1284 3993 1477 4061 quam
1516 3970 1748 4042 futuris
1804 3976 1975 4063 quod
2018 3995 2160 4056 noS,
2212 3975 2412 4044 divini
2449 3975 2687 4045 amoris

424 4082 660 4153 intuitu
693 4098 756 4155 et
784 4107 899 4175 pro
921 4083 1206 4156 remedio
1233 4084 1445 4157 anime
1473 4099 1694 4156 nostre
1734 4100 1797 4157 et
1828 4086 2185 4158 animarum
2214 4087 2432 4160 inclite
2468 4111 2685 4159 recor-

424 4195 705 4268 dationis
743 4199 918 4288 regis
954 4197 1278 4281 Ludovici,
1338 4197 1645 4291 genitoris
1687 4200 1912 4282 nostri,
1988 4215 2052 4272 et
2099 4202 2316 4292 regine
2379 4206 2684 4274 Blanchev

423 4309 762 4401 genitricis
793 4326 1037 4395 nostre,
1071 4327 1134 4383 et
1167 4313 1441 4382 aliorum
1481 4316 2015 4404 predecessorum
2050 4330 2442 4398 nostrorum,
2486 4339 2687 4407 quan-

422 4437 558 4495 tum
595 4423 658 4493 in
698 4424 886 4495 nobis
915 4440 1039 4509 est,
1101 4429 1395 4499 volumus
1433 4440 1496 4499 et
1558 4428 1978 4500 concedimus
2041 4431 2211 4520 quod
2253 4452 2481 4500 omnes
2543 4454 2686 4522 per-

422 4561 585 4610 sone
624 4541 898 4631 laycales
932 4539 1213 4612 decimas
1252 4539 1686 4632 percipientes
1734 4545 1813 4612 ab
1864 4542 2006 4614 aliis
2045 4546 2111 4613 in
2167 4557 2329 4615 terra
2372 4558 2587 4616 nostra
2614 4559 2679 4616 et

420 4651 488 4724 in
527 4653 735 4739 feodis
793 4654 1032 4726 nostris
1099 4653 1505 4730 moventibus
1569 4658 1852 4731 mediate
1905 4661 2002 4729 vel
2041 4658 2440 4744 immediate,
2511 4682 2675 4756 quas
