3485 5571
1576 677 1694 742 125
1735 714 1812 725 --

1544 1016 1729 1076 Lxlv

988 1239 1414 1322 Compiegne‚
1454 1246 1494 1304 9
1529 1243 1605 1323 (V
1633 1242 1753 1307 des
1788 1245 1959 1326 ides)
1981 1247 2130 1328 juin
2159 1246 2281 1310 979

685 1451 1096 1508 Confirmation
1124 1468 1228 1524 par
1255 1451 1428 1508 Louis
1456 1451 1505 1507 V
1536 1451 1638 1509 des
1666 1468 1768 1524 pos
1780 1452 2030 1510 sessions
2058 1453 2126 1509 de
2155 1452 2538 1512 Sainte-Croix

1351 1555 1407 1605 et
1436 1548 1505 1605 de
1535 1549 1896 1606 l'immunite.

496 1733 653 1803 (Pub.
682 1746 916 1802 Reoueil
942 1745 1043 1802 des
1070 1744 1375 1802 historiens
1402 1746 1503 1802 des
1531 1746 1740 1802 Gaulos
1770 1752 1824 1802 et
1852 1748 1924 1803 de
1949 1748 2008 1803 la
2035 1747 2318 1819 France¹,
2341 1754 2380 1805 t.
2415 1748 2511 1818 IX,
2536 1766 2589 1820 p.
2614 1748 2754 1811 660,

1333 1843 1554 1917 d'apres
1584 1844 1906 1915 l'original).

587 2042 654 2108 In
720 2035 981 2110 nomine
1025 2036 1283 2109 Domini
1318 2040 1435 2110 Dei
1475 2039 1697 2110 aeterni
1752 2052 1816 2110 et
1883 2041 2238 2110 Salvatoris
2301 2037 2501 2110 nostri
2554 2043 2752 2111 Jhesu

500 2152 758 2238 Christi,
789 2152 1173 2238 Ludovicus‚
1201 2152 1639 2225 misericordia
1665 2152 1779 2225 Dei
1812 2176 1941 2224 rex.
1973 2153 2034 2224 Si
2082 2152 2480 2225 liberalitatis
2506 2169 2748 2226 nostrae

496 2266 852 2340 munimine
934 2267 1236 2360 quiddam
1299 2268 1690 2340 conterimus
1762 2268 2105 2356 beneficio,
2186 2283 2250 2341 et
2318 2269 2746 2341 necessitates

497 2383 971 2456 ecclesiasticas
1026 2387 1105 2455 ad
1146 2382 1489 2477 petitiones
1529 2387 1935 2457 sacerdotum
1980 2398 2198 2457 nostro
2251 2389 2609 2457 relevamus
2643 2388 2751 2476 ju-

495 2499 744 2571 vamine
797 2514 988 2591 atque
1063 2499 1379 2593 imperiali
1446 2515 1698 2572 tuemur
1754 2498 2133 2585 munimine,
2200 2500 2263 2571 id
2326 2504 2514 2572 nobis
2555 2516 2620 2574 et
2667 2503 2748 2573 ad

497 2617 826 2686 mortalem
867 2613 1058 2684 vitam
1131 2616 1591 2707 temporaliter,
1632 2615 2070 2687 transiendam
2141 2628 2207 2687 et
2274 2617 2354 2687 ad
2423 2630 2732 2687 aeternam

497 2730 769 2801 feliciter
829 2728 1244 2802 obtinendam
1285 2734 1684 2822 profuturum
1757 2731 1997 2824 liquido
2059 2730 2408 2804 credimus.
2469 2734 2726 2804 Noverit

493 2842 733 2915 interea
791 2844 1107 2936 sagacitas
1171 2868 1288 2916 seu
1324 2844 1566 2917 utilitas
1626 2848 1918 2918 omnium
1951 2846 2234 2917 fidelium
2306 2860 2546 2918 sanctae
2611 2846 2728 2918 Dei

492 2958 821 3043 Ecclesiae,
862 2974 1357 3052 nostrorumque
1397 2974 1525 3031 tam
1588 2959 2003 3052 praesentium
2049 2984 2240 3051 quam
2279 2974 2344 3032 et
2383 2963 2737 3032 futurorum

495 3075 804 3160 sollertia,
850 3073 996 3165 quia
1033 3073 1257 3146 adiens
1325 3099 1416 3145 vir
1471 3074 1852 3147 venerabilis
1883 3078 2209 3158 Arnullus,
2259 3073 2741 3148 Aurelianensis

494 3186 787 3260 ecclesiae
852 3190 1120 3258 humilis
1178 3191 1550 3281 episcopuS,
1628 3187 2064 3261 seueritatem
2120 3201 2437 3275 nostram,
2509 3186 2739 3260 obtulit

493 3301 825 3373 obtutibus
892 3302 1129 3374 nostris
1202 3302 1615 3375 auctoritates
1687 3307 2238 3396 praedecessorum
2334 3318 2729 3387 nostrorum,

492 3416 794 3489 videlicet
857 3416 1254 3488 serenissimi
1341 3419 1552 3490 Karoli
1613 3417 2023 3510 Imperatoris
2100 3441 2354 3491 necnon
2412 3418 2741 3490 Hludovici

491 3530 1022 3604 excellentissimi
1097 3533 1268 3624 regis
1317 3535 1418 3603 avi
1481 3536 1709 3614 nostri,
1790 3546 1980 3625 atque
2059 3531 2488 3625 progenitoris
2540 3532 2744 3604 nostri

490 3645 755 3718 Klotarii
817 3644 1137 3736 magnifici
1208 3645 1405 3738 regis,
1471 3646 1534 3718 in
1591 3647 1827 3740 quibus
1877 3647 2328 3719 continebatur
2365 3649 2637 3739 qualiter
2683 3645 2741 3718 ei

491 3784 719 3833 omnes
757 3784 862 3833 res
898 3760 1193 3833 ecclesiae
1232 3785 1366 3833 suae
1405 3761 1858 3854 perpetualiter
1912 3764 1993 3833 ad
2043 3762 2536 3833 deserviendum
2590 3784 2744 3832 con-

492 3878 920 3961 firmaverant,
1012 3880 1346 3968 postulans
1404 3891 1596 3969 atque
1667 3876 1995 3948 humiliter
2061 3880 2412 3948 obsecrans
2482 3891 2550 3947 ut
2619 3899 2741 3947 nos

492 4013 738 4062 morem
779 4003 1113 4081 paternum
1159 4005 1532 4083 sequentes,
1586 3992 1848 4062 easdem
1887 4013 1992 4063 res
2051 3990 2261 4062 eidem
2302 3991 2594 4062 ecclesiae
2654 3989 2741 4059 si-

564 4357 583 4394 ¹
612 4358 720 4417 Les
749 4361 932 4417 fantes
959 4360 1266 4432 grossieres
1289 4366 1386 4416 ont
1413 4359 1500 4416 ete
1530 4360 1814 4430 corrigees
1834 4360 1972 4415 dans
2002 4359 2057 4414 la
2081 4359 2341 4432 presente
2370 4358 2575 4414 edition
2603 4371 2614 4410 t
2647 4372 2736 4413 ex.

497 4452 768 4507 Sor-eonas
795 4470 867 4507 au
899 4452 1013 4507 lieu
1041 4453 1112 4507 de
1142 4452 1437 4507 Surconas
1465 4468 1479 4522 ;
1517 4450 1952 4521 Garqoyilensis
1990 4466 2064 4505 au
2094 4449 2205 4505 lieu
2235 4449 2305 4505 de
2334 4448 2738 4520 Ganyoyisen-

494 4541 571 4595 sis
598 4559 616 4609 ς
644 4541 1008 4615 Maroyilum
1036 4558 1109 4599 au
1137 4542 1250 4598 lieu
1280 4542 1349 4597 de
1376 4541 1724 4612 Macoyilum
1752 4556 1765 4596 :
1816 4541 2000 4598 santes
2029 4541 2098 4596 de
2126 4540 2336 4596 scribes
2366 4540 2441 4595 du
2476 4551 2538 4593 xe
2570 4538 2736 4593 siecle

495 4647 567 4687 ou
594 4631 692 4689 des
719 4634 965 4706 copistes
994 4633 1091 4688 des
1122 4630 1499 4701 BenedictinS,
1529 4632 1668 4687 elles
1695 4647 1767 4687 ne
1796 4631 2059 4686 meritent
2099 4646 2286 4686 aucun
2329 4629 2514 4701 egard.
2563 4629 2737 4683 L’ori-

494 4723 638 4795 ginal
666 4724 756 4780 n’a
784 4740 864 4796 pu
894 4725 1012 4778 etre
1041 4723 1319 4778 retrouve.
