3485 5571
1798 642 2152 707 —400-

1904 1022 2041 1085 CCC

1637 1347 1678 1409 9
1714 1345 2066 1409 decembre
2124 1344 2278 1410 1256

845 1597 1060 1654 Gerar-d
1088 1598 1157 1654 de
1178 1598 1260 1655 Ch
1271 1604 1450 1654 artres
1483 1615 1789 1671 apprnuw,
1820 1615 2037 1654 comme
2066 1598 2346 1665 suzerain,
2370 1599 2423 1655 la
2441 1604 2605 1654 vente
2621 1598 2750 1654 saite
2771 1616 2878 1672 par
2892 1600 3093 1656 Gohier

919 1712 993 1751 au
1017 1696 1267 1767 chapitre
1296 1696 1366 1750 de
1395 1712 1457 1751 sa
1481 1696 1632 1751 dtme
1661 1695 1731 1751 de
1761 1694 1881 1750 bles
1922 1700 1977 1751 et
2023 1696 2249 1751 avoines
2291 1695 2389 1751 des
2433 1695 2462 1750 J
2470 1695 2577 1751 uifs
2604 1711 2750 1767 pour
2796 1696 2871 1752 30
2934 1697 3090 1752 livroe

915 1809 1133 1864 paruus.

1315 1915 1492 1985 (Orig.
1525 1933 1571 1971 s.
1604 1914 1796 1988 parch.
1826 1915 1995 1971 Arch.
2035 1915 2111 1970 du
2142 1915 2346 1985 Loiret,
2376 1915 2446 1970 G.
2474 1915 2625 1984 376).

933 2156 1255 2230 Universis
1352 2172 1684 2250 presentes
1761 2156 2002 2228 litteras
2081 2156 2477 2249 inspecturis
2543 2157 2836 2230 officialis
2923 2158 3092 2229 curie

844 2271 1264 2344 Carnotensis
1289 2275 1561 2343 salutem
1603 2270 1665 2340 in
1701 2269 2001 2342 Domino.
2044 2269 2358 2342 Noveritis
2387 2274 2561 2363 quod
2593 2270 2657 2341 in
2691 2286 2918 2343 nostra
2961 2296 3093 2364 pre-

847 2388 1052 2458 sentia
1083 2385 1479 2457 constitutus
1518 2387 1820 2455 Girardus
1860 2387 1940 2456 de
1963 2389 2264 2466 Carnoto,
2308 2384 2522 2470 miles,
2559 2387 2909 2476 quamdam
2946 2409 3092 2457 ven-

847 2501 1156 2572 ditionem
1199 2499 1449 2572 decime
1487 2498 1652 2570 bladi
1684 2512 1751 2570 et
1796 2520 1996 2570 avene
2034 2500 2114 2570 de
2161 2497 2348 2582 sniis,
2405 2521 2596 2589 quam
2649 2502 2973 2571 Goherius
3032 2513 3094 2571 et

847 2629 1051 2686 mater
1080 2627 1144 2685 et
1174 2618 1365 2685 srater
1389 2626 1453 2684 et
1473 2636 1728 2685 sorores
1757 2614 1897 2703 ejus
1919 2611 2163 2683 faciunt
2188 2615 2433 2684 decano
2461 2627 2526 2685 et
2549 2612 2829 2704 capitulo
2864 2618 3091 2684 Sancte

850 2728 1074 2800 Crucis
1135 2725 1608 2799 Aurelianensis
1664 2749 1781 2818 pro
1852 2728 2067 2818 precio
2108 2727 2368 2819 triginta
2408 2726 2714 2798 librarum
2782 2729 3091 2819 parisien·

847 2842 1041 2926 sium,
1071 2864 1194 2933 que
1226 2844 1308 2913 de
1346 2864 1464 2912 suo
1504 2843 1693 2911 teodo
1731 2853 2016 2923 movent,
2057 2838 2277 2925 voluit,
2338 2839 2615 2910 laudavit
2654 2853 2717 2911 et
2758 2841 3084 2913 concessit

844 2970 1168 3046 tamquam
1231 2953 1461 3027 tertius
1535 2955 1843 3025 dominus
1903 2952 2102 3040 feudi,
2162 2965 2228 3024 et
2290 2952 2585 3044 promisit
2638 2976 2709 3025 se
2773 2951 3090 3045 garantire

843 3068 1077 3141 dictam
1110 3067 1542 3140 venditionem
1569 3066 1760 3139 dictis
1794 3069 2038 3138 decano
2077 3079 2142 3139 et
2180 3066 2459 3158 capitulo
2507 3081 2833 3158 tamquam
2867 3067 3086 3140 tertius

843 3186 1149 3255 dominus
1201 3183 1375 3255 teudi
1413 3195 1635 3254 contra
1669 3203 1898 3253 omnes
1936 3195 2002 3253 et
2039 3183 2334 3272 singulos
2383 3178 2489 3272 qui
2530 3179 2750 3253 dicent
2805 3204 2884 3253 se
2939 3203 3081 3254 esse

842 3298 1067 3369 tertios
1107 3296 1405 3369 dominos
1444 3294 1640 3367 feudi.
1688 3296 1989 3367 Promisit
2024 3309 2238 3366 autem
2276 3306 2454 3367 eto...
2495 3299 2564 3366 ln
2595 3297 2781 3387 cujus
2830 3295 2924 3367 rei
2968 3310 3086 3367 tes-

841 3411 1180 3483 timonium
1236 3424 1302 3482 et
1357 3411 1686 3481 munimen
1753 3432 1902 3480 cum
1956 3407 2165 3500 sigillo
2232 3408 2386 3480 dicti
2435 3407 2678 3479 Girardi
2743 3428 3077 3500 presentes

842 3524 1089 3597 litteras
1119 3523 1380 3617 sigillari
1414 3526 1688 3596 fecimus
1728 3521 1940 3614 sigillo
1960 3523 2139 3594 curie
2178 3521 2614 3595 Carnotensis.
2657 3526 2891 3595 Datum
2917 3545 3081 3594 anno

843 3637 1102 3711 Domini
1159 3638 1508 3711 millesimo
1581 3636 2027 3709 ducentesimo
2092 3638 2630 3729 quinquagesimo
2705 3651 2913 3722 sexto,
2982 3635 3079 3709 die

842 3753 1088 3825 sabbati
1130 3767 1274 3845 post
1294 3756 1529 3825 festum
1568 3749 1735 3824 beati
1774 3750 2058 3823 Nicbolai
2092 3750 2414 3824 hiemalis.
