3485 5571
1498 529 1855 597 -111—

1578 890 1760 953 LVIII

1242 1145 1470 1231 [avant
1500 1150 1562 1213 le
1592 1151 1677 1214 1⁸¹·
1704 1148 1884 1231 aofit]
1910 1149 1929 1186 ¹
1960 1147 2120 1214 1164

547 1418 631 1476 En
659 1419 931 1493 presence
961 1421 1030 1477 de
1049 1418 1325 1488 Thibaud,
1358 1427 1539 1478 comte
1568 1421 1637 1478 de
1668 1421 1842 1493 mois,
1874 1422 2065 1480 Pierre
2104 1423 2174 1480 de
2223 1421 2543 1482 Peronville
2586 1440 2797 1498 engage

790 1535 863 1573 au
892 1517 1161 1590 chapitre‚
1194 1534 1338 1592 pour
1364 1516 1435 1574 ⁴0
1463 1518 1653 1591 livres,
1683 1535 1774 1574 ses
1804 1520 2152 1590 possessione
2180 1521 2212 1577 a
2239 1520 2555 1595 Villequoy.

554 1689 729 1761 (Orig.
758 1689 930 1747 Arch.
962 1689 1038 1746 du
1062 1688 1269 1760 coiret,
1302 1691 1369 1746 c.
1400 1688 1527 1746 377.
1560 1721 1628 1731 —
1669 1690 1842 1762 Cupie
1867 1689 1938 1748 de
1965 1669 2191 1764 sunzo,
2224 1709 2279 1765 p.
2303 1693 2395 1750 70.
2428 1723 2493 1736 -
2522 1692 2641 1750 nib.
2664 1693 2793 1750 Nat.

797 1788 925 1844 coll.
956 1788 1204 1857 Morem,
1233 1804 1292 1861 p.
1321 1785 1393 1845 73
1422 1806 1435 1841 :
1471 1788 1595 1859 107,
1625 1788 1847 1863 d'apxes
1874 1788 1928 1846 le
1963 1791 2284 1862 cartuIaIre,
2314 1791 2364 1846 s⁰
2394 1789 2543 1862 132).

649 1987 992 2050 leAmACto
1034 2005 1206 2050 Ptrrm
1248 2005 1323 2049 DE
1366 2002 1689 2051 PESOVILLA
1733 2005 2017 2050 CAPITULO
2060 2004 2216 2049 APUD
2259 2004 2477 2053 vanu(
2520 2007 2690 2052 GALLI

638 2215 705 2285 ln
746 2212 1011 2286 nomine
1050 2226 1272 2286 sancte
1315 2226 1381 2287 et
1418 2213 1745 2290 individue
1801 2214 2151 2287 Trinitatis.
2212 2218 2344 2307 Ego
2405 2218 2795 2301 Teobaldus,

545 2330 666 2400 Dei
704 2326 902 2420 gratia
942 2351 1164 2401 comes
1191 2329 1518 2401 Blesensis
1549 2343 1615 2401 et
1651 2328 1867 2421 regius
1896 2328 2165 2421 dapifer.
2208 2334 2439 2402 Notum
2475 2328 2613 2402 fieri
2656 2334 2799 2402 volo

548 2456 681 2513 tam
752 2440 1144 2515 instantibus
1210 2465 1401 2535 quam
1466 2443 1721 2527 tuturis,
1793 2446 1964 2535 quod
2033 2448 2261 2516 Petrus
2339 2446 2419 2517 de
2482 2447 2798 2516 Pesovilla

543 2555 888 2629 invadiavit
929 2559 1208 2650 capitulo
1243 2562 1473 2629 Sancte
1508 2557 1729 2629 Crucis
1772 2580 1885 2649 pro
1913 2562 2010 2628 XL
2048 2556 2227 2629 libris
2262 2557 2567 2651 quicquid
2601 2561 2799 2630 habe·

540 2675 658 2742 bat
702 2673 769 2741 in
804 2670 950 2744 villa
1001 2695 1135 2764 que
1177 2670 1412 2744 dicitur
1447 2671 1606 2743 Vitta
1649 2675 1878 2755 Guaffi,
1923 2685 2050 2743 tam
2093 2671 2155 2742 in
2198 2671 2567 2744 hominibus
2607 2696 2798 2764 quam

540 2789 617 2857 in
649 2789 834 2859 terris
874 2785 1065 2860 cultis
1096 2785 1230 2859 sive
1271 2811 1398 2859 non
1430 2785 1649 2871 cultis,
1696 2801 1823 2858 tam
1865 2783 1927 2857 in
1955 2785 2139 2879 aquis
2175 2810 2368 2879 quam
2408 2790 2475 2857 in
2511 2787 2796 2879 pascuis,

541 2926 695 2974 eum
763 2901 1064 2975 omnibus
1130 2902 1485 2975 redditibus
1549 2906 1630 2974 ad
1693 2902 1906 2974 villam
1970 2902 2469 2995 pertinentibus,
2533 2919 2799 2995 excepta

539 3015 960 3109 porciuncula
1025 3032 1193 3090 terre
1249 3042 1439 3110 quam
1502 3016 1642 3109 ipse
1695 3021 2016 3090 locaverat
2079 3016 2333 3088 cuidam
2388 3021 2623 3090 colono
2685 3040 2802 3110 per

540 3131 1102 3225 quinquennium
1169 3148 1425 3225 peracto
1471 3156 1621 3205 vero
1673 3131 2137 3224 quinquennio,
2193 3130 2424 3203 redibit
2462 3134 2539 3202 ad
2590 3135 2801 3204 eccle-

542 3247 731 3318 siam.
764 3248 828 3317 Si
861 3261 1076 3320 tamen
1117 3246 1371 3320 interim
1416 3248 1478 3319 in
1510 3246 1928 3340 possessione
1955 3245 2148 3317 fuerit
2175 3244 2551 3331 vadimonii,
2581 3246 2801 3318 termi-

541 3385 669 3433 nus
718 3362 1062 3434 vadimonii
1126 3360 1246 3434 erit
1300 3386 1335 3434 a
1386 3365 1599 3434 futuro
1640 3365 1884 3434 Pascha
1940 3384 2143 3452 usque
2182 3364 2260 3432 ad
2306 3363 2469 3432 duos
2525 3384 2734 3432 annos
2780 3386 2799 3446 ;

543 3491 808 3566 peracto
835 3489 1047 3548 autem
1091 3475 1363 3549 termino
1414 3478 1563 3565 isto,
1612 3501 1649 3549 a
1683 3474 2137 3568 soilenpnitate
2179 3477 2423 3547 Pascali
2472 3498 2677 3566 usque
2716 3481 2794 3548 ad

546 3594 1016 3663 Penthecosten
1059 3590 1279 3663 licebit
1314 3595 1501 3664 Petro
1542 3594 1639 3662 vel
1679 3590 1900 3663 heredi
1951 3592 2090 3681 ejus
2129 3589 2471 3662 redimere.
2515 3592 2699 3676 Quod
2742 3592 2796 3661 si

547 3704 703 3778 infra
749 3706 1094 3779 terminum
1158 3731 1287 3780 non
1329 3710 1673 3780 redemerit
1726 3731 1931 3800 usque
1977 3710 2054 3779 ad
2097 3728 2378 3798 sequens
2433 3709 2631 3777 Pasca
2701 3712 2804 3777 vel

548 3825 1045 3908 Penthecosten‚
1115 3822 1423 3917 deinceps
1508 3847 1635 3895 non
1713 3822 1947 3916 poterit
2022 3820 2339 3893 redimere
2424 3842 2628 3912 usque
2720 3821 2801 3890 ad

544 3960 806 4009 annum.
842 3936 1083 4010 Poterit
1110 3953 1323 4011 autem
1374 3938 1692 4010 redimere
1734 3935 2008 4029 singulis
2053 3934 2270 4022 annis,
2304 3947 2367 4006 et
2405 3957 2535 4007 non
2585 3932 2795 4005 atiter.

547 4055 687 4124 Odo
726 4051 1015 4136 Borrelli‚
1043 4076 1078 4124 a
1106 4055 1290 4144 cujus
1327 4055 1514 4125 Ieodo
1552 4051 1881 4146 predictus
1909 4056 2136 4123 Petrus
2179 4073 2250 4122 se
2281 4049 2533 4121 dicebat
2563 4051 2800 4121 habere

547 4166 1057 4258 possessionem,
1097 4165 1295 4240 voluit
1332 4149 1397 4239 et
1451 4165 1752 4240 laudavit.
1804 4171 2184 4239 Juraverunt
2221 4164 2485 4255 insuper
2542 4162 2682 4254 ipse
2736 4175 2800 4235 et

620 4587 636 4619 ¹
676 4585 735 4642 Si
764 4583 982 4640 l'annee
1012 4584 1086 4639 du
1116 4585 1289 4657 regne
1315 4583 1383 4639 de
1410 4583 1582 4640 Louis
1612 4582 1709 4638 vn
1736 4587 1820 4638 est
1846 4588 2049 4638 exacte.
