3485 5571
1484 692 1872 765 —27--'

1566 1025 1699 1084 xlv

1549 1253 1697 1312 1171

498 1431 888 1501 Composition
914 1436 1070 1485 entre
1100 1430 1151 1486 le
1181 1430 1430 1502 chapitre
1463 1429 1533 1484 de
1554 1430 1938 1485 Sainte-Croix
1967 1437 2022 1484 et
2050 1426 2132 1483 les
2162 1431 2414 1501 Lepreux
2441 1430 2510 1485 de
2537 1430 2757 1484 Bonne-

571 1526 660 1580 val
688 1544 762 1581 au
789 1525 933 1596 sujet
961 1525 1030 1580 de
1063 1527 1266 1581 l'achat
1291 1527 1360 1582 de
1390 1525 1832 1582 Villevaudrain.

722 1672 897 1743 (Orig.
930 1672 1099 1729 Arch.
1135 1672 1210 1727 du
1240 1673 1444 1737 Loiret,
1479 1673 1546 1729 G.
1572 1672 1704 1728 377.
1727 1702 1794 1713 —
1820 1672 1990 1744 Copie
2018 1674 2090 1726 de
2121 1672 2345 1737 Baluze,
2375 1688 2430 1742 p.
2462 1670 2543 1741 8.)

493 1880 836 1924 ΟΟΝΟΟΒὉΙΑ
892 1880 1083 1925 -ῐΝΊἝΒ
1131 1881 1456 1925 CAPt‘rULUM
1532 1882 1607 1925 ΕΤ
1659 1882 1968 1925 ΜΟΝΑΟΗΟΞ
2018 1878 2503 1927 BONEVALLENSES
2571 1878 2756 1925 SUPER

551 1986 748 2031 TERRA
778 1987 1057 2031 STEPHANI
1090 1986 1406 2031 ssssnmnntt
1436 1989 1508 2030 m·
1534 1987 1869 2040 QUIBUSDAM
1899 1989 2043 2032 ALtts
2077 1984 2153 2031 DE
2181 1984 2353 2032 VtLLA
2384 1986 2700 2031 GAUBBnTt.

587 2192 981 2279 Willelmus,
1022 2194 1135 2265 Dei
1177 2193 1374 2285 gratia
1408 2194 1803 2266 Senonensis
1842 2194 2396 2287 archiepiscopus»,
2439 2208 2503 2264 et
2543 2198 2742 2284 Apos—

494 2307 695 2379 tolice
729 2308 912 2379 Sedis
951 2312 1222 2399 legatus.
1260 2307 1577 2379 Omnibus
1606 2313 1838 2379 Sancte
1871 2308 2079 2379 Matris
2117 2306 2413 2379 Ecclesie
2441 2306 2586 2377 tiliis
2619 2322 2746 2377 tam

491 2421 732 2493 futuris
784 2446 972 2513 quam
1023 2425 1431 2513 presentibus
1484 2425 1561 2491 ad
1604 2445 1767 2513 quos
1808 2422 2013 2493 littere
2056 2438 2388 2512 presentes
2443 2442 2753 2514 pervene-

494 2535 632 2606 rint
670 2537 749 2606 in.
775 2536 1047 2607 Domino
1087 2534 1382 2606 salutem.
1442 2535 1845 2608 Universitati
1887 2552 2097 2607 vestre
2139 2551 2359 2606 notum
2401 2535 2534 2606 lieri
2580 2539 2752 2604 volu·

494 2672 649 2721 mus
689 2649 858 2741 qnia,
903 2640 1052 2722 cum
1095 2664 1261 2720 mter
1286 2650 1625 2722 ecclesiam
1657 2654 1890 2721 Sancte
1923 2650 2144 2721 Crucis
2175 2649 2650 2721 Aurelianensis
2690 2662 2753 2720 et

497 2766 855 2836 monachos
889 2767 969 2836 de
1011 2765 1346 2836 Bonavalle
1375 2765 1706 2837 contentio
1746 2779 1920 2836 esset
1961 2788 2154 2857 super
2193 2765 2574 2856 quibusdam
2619 2778 2746 2836 ter-

495 2879 589 2950 ris
627 2901 751 2970 que
792 2883 870 2950 de
910 2882 1099 2951 leodo
1137 2885 1369 2951 Sancte
1411 2879 1633 2951 Crucis
1675 2895 1884 2962 erant,
1945 2904 1977 2950 a
2038 2878 2344 2971 predictis
2406 2883 2745 2951 monachis

499 2993 643 3065 sine
679 3015 949 3064 assensu
1001 2993 1257 3084 capituli
1292 2991 1769 3065 Aurelianensis
1799 2994 2059 3085 emptis,
2102 3015 2377 3064 assensu
2407 2994 2746 3085 utriusque

501 3105 701 3198 partis
732 3106 795 3176 in
838 3098 957 3177 hac
998 3110 1197 3177 lorma
1239 3131 1350 3197 per
1379 3107 1785 3178 amicabilem
1829 3107 2360 3198 compositionem
2390 3131 2604 3179 coram
2641 3132 2753 3180 no-

500 3219 606 3290 bis
636 3222 1069 3291 controversia
1101 3218 1304 3311 sopita
1336 3234 1457 3291 est.
1504 3220 1787 3292 Monachi
1829 3224 1909 3292 de
1951 3223 2288 3292 Bonavalle
2340 3222 2747 3292 medietatem

499 3349 670 3407 terre
712 3335 1014 3428 Stephani
1073 3329 1408 3419 Rem-uarii,
1458 3361 1582 3428 que
1614 3336 1847 3408 dicitur
1891 3341 1969 3409 de
2008 3340 2152 3408 villa
2185 3338 2510 3422 Valdreni,
2568 3352 2630 3408 et
2670 3341 2749 3409 de

498 3452 693 3522 feodo
767 3454 1001 3521 Sancte
1061 3450 1281 3522 Crucis
1342 3467 1500 3534 erat,
1575 3451 2019 3523 nescientibus
2095 3454 2429 3523 canonicis
2503 3455 2741 3522 Sancte

500 3563 727 3636 Crucis
786 3568 1456 3656 emerant.·Cumque
1505 3565 1797 3636 canonici
1852 3569 2107 3636 {eodum
2176 3590 2360 3637 suum
2422 3589 2456 3637 a
2518 3589 2741 3636 mona-

495 3675 648 3751 chis
686 3676 810 3749 emi
869 3677 1011 3749 sine
1063 3681 1387 3750 voluntate
1441 3703 1553 3750 sua
1598 3703 1720 3750 non
1770 3699 1960 3770 posse
2012 3679 2364 3765 discerent,
2428 3695 2493 3751 et
2557 3701 2751 3771 super

496 3797 626 3862 hoc
691 3813 904 3862 coram
982 3792 1168 3864 nobis
1241 3793 1414 3864 litem
1494 3792 1870 3876 movissent,
1924 3805 2147 3865 eadem
2212 3795 2320 3865 lite
2390 3793 2743 3885 pendente,

497 3905 775 3998 predicti
819 3905 1114 3977 monachi
1147 3909 1408 3978 alteram
1452 3907 1857 3979 medietatem
1900 3931 1934 3977 a
1974 3913 2218 4000 prefato
2244 3909 2571 4000 Stephano
2600 3913 2745 3979 Ber-

499 4018 714 4090 ruario
754 4018 1197 4090 nescientibus
1223 4020 1553 4091 canonicis
1594 4021 1822 4092 iterum
1852 4035 2172 4091 emerunt.
2221 4025 2462 4092 Rursus
2493 4044 2607 4113 pro
2629 4025 2750 4091 hac

496 4133 719 4203 ultima
754 4134 1120 4215 medietate,
1161 4136 1330 4204 sicut
1371 4148 1433 4205 et
1460 4158 1574 4225 pro
1615 4136 1845 4227 prima,
1880 4135 2173 4206 canonici
2218 4137 2575 4205 monachos
2633 4158 2745 4205 co-

496 4268 633 4317 ram
677 4246 863 4317 nobis
903 4262 1366 4318 convenerunt.
1411 4252 1484 4319 Et
1516 4249 1660 4338 quia
1703 4249 1848 4318 lites
1880 4250 2275 4319 execrabiles
2315 4248 2620 4319 etodiose
2652 4247 2750 4315 vi-

495 4361 589 4430 ris
619 4359 913 4432 honestis
946 4371 1008 4431 et
1060 4359 1374 4451 religiosis
1415 4385 1563 4433 esse
1612 4365 1877 4444 debent,
1914 4365 2165 4432 hortatu
2205 4376 2427 4432 nostro
2467 4365 2588 4431 sub
2631 4363 2749 4431 bac

496 4474 928 4546 conventione
954 4497 1101 4566 pars
1144 4488 1411 4564 utraque
1452 4499 1483 4545 a
1519 4475 1625 4545 lite
1665 4477 1966 4558 recessit,
2010 4491 2073 4547 et
2113 4474 2414 4546 concordi
2457 4487 2748 4543 transac-

496 4592 680 4660 tione
728 4610 951 4679 pacem
992 4585 1261 4659 invicem
1319 4591 1710 4660 reformavit.
1761 4592 2067 4661 Canonici
2110 4592 2399 4681 precium
2442 4612 2554 4679 pro
2597 4590 2749 4657 ulti·

495 4715 603 4774 ma
665 4711 843 4794 parte
884 4701 1141 4772 dimidia
1198 4705 1638 4792 persolverunt
1672 4718 1738 4775 et
1778 4707 1875 4774 sic
1916 4719 2055 4774 tota·
2088 4704 2188 4774 illa
2229 4718 2392 4773 terra
2435 4704 2745 4793 Stephani
