3485 5571
1363 675 1718 740 —345—

1440 1048 1639 1110 CCLII

1253 1325 1328 1387 16
1371 1324 1640 1387 octobre
1685 1322 1844 1387 1237

424 1554 501 1610 Le
520 1553 767 1626 chapitre
794 1552 1030 1610 accorde
1058 1570 1131 1609 au
1150 1552 1428 1610 chanoine
1456 1553 1648 1609 Simon
1678 1553 1749 1608 de
1787 1553 1984 1625 Ligny‚
2025 1570 2127 1625 par
2178 1553 2351 1625 egard
2381 1570 2488 1610 aux
2517 1555 2666 1610 ame·

461 1642 775 1706 ¹liorations
825 1650 1057 1723 operees
1099 1665 1169 1705 en
1226 1664 1316 1705 ses
1347 1650 1615 1719 maisonS‚
1675 1666 1786 1722 que
1826 1648 1898 1705 40
1946 1665 2079 1705 sous
2129 1666 2229 1706 sur
2276 1651 2431 1705 leurs
2478 1651 2667 1722 loyers

487 1751 679 1802 seront
711 1746 1012 1803 distribues
1037 1762 1106 1801 en
1151 1762 1254 1803 son
1292 1747 1674 1803 anniversaire
1704 1748 1763 1802 et
1813 1763 1882 1802 en
1913 1746 2059 1802 celui
2088 1746 2160 1802 de
2205 1762 2307 1802 son
2349 1746 2511 1802 oncle
2541 1747 2665 1802 Re-

485 1842 673 1914 gnaud
701 1844 772 1899 de
809 1843 1003 1915 Ligny,
1033 1844 1400 1917 archipretre‚
1433 1845 1487 1899 le
1522 1848 1669 1900 reste
1712 1842 1928 1900 desdits
1974 1845 2159 1915 loyers
2201 1843 2404 1899 devant
2437 1844 2598 1899 l'etre
2624 1844 2658 1898 a

486 1939 898 1996 l’anniversaire
922 1940 992 1996 de
1013 1941 1288 2012 Manasse,
1321 1939 1627 1996 chevecier.

876 2086 1054 2159 (Orig.
1095 2105 1143 2143 s.
1174 2089 1366 2160 parch.
1400 2089 1572 2143 Arch.
1607 2087 1683 2171 du
1710 2087 1918 2160 Loiret,
1945 2088 2012 2146 G.
2042 2088 2203 2161 440.)

502 2307 862 2400 L[ebertus]
908 2308 1192 2378 decanus
1239 2319 1572 2397 totumque
1609 2309 1957 2398 capitulum
1999 2306 2485 2392 Aurelianense,
2521 2307 2664 2379 uni-

412 2420 618 2493 versis
657 2435 994 2513 presentes
1050 2420 1292 2493 litteras
1342 2419 1730 2514 inspecturis
1780 2423 2053 2493 salutem
2092 2420 2158 2492 in
2196 2421 2475 2494 Domino
2526 2426 2664 2495 Sal-

411 2549 655 2607 vatore.
695 2534 1011 2607 Noveritis
1027 2537 1199 2626 quod
1229 2558 1377 2620 nos,
1411 2538 1898 2607 considerantes
1931 2534 2438 2609 meliorationem
2468 2560 2658 2628 quam

409 2652 721 2741 magister
768 2653 1007 2741 Symon
1056 2653 1136 2720 de
1190 2648 1517 2741 Ligniaco,
1582 2648 2063 2722 concanonicus
2118 2664 2365 2735 noster,
2399 2650 2550 2723 tecit
2593 2652 2659 2723 in

409 2763 716 2836 domibus
750 2764 913 2849 suis,
955 2763 1399 2837 concessimus
1433 2764 1642 2837 eidem
1695 2766 1866 2856 quod
1918 2764 1982 2834 in
2037 2764 2476 2838 anniversario
2518 2769 2661 2859 ejus

409 2892 476 2950 et
500 2876 798 2950 avunculi
827 2877 926 2948 sui
956 2877 1283 2970 Raginaldi
1324 2881 1405 2950 de
1456 2880 1785 2971 Ligniaco‚
1844 2867 2363 2972 archipresbiteri
2414 2896 2478 2953 et
2509 2903 2662 2953 con-

409 2991 707 3064 canonici
763 2992 992 3077 nostri,
1029 2995 1258 3065 eodem
1327 2993 1428 3064 die
1482 2994 1548 3063 in
1610 2991 1886 3066 ecclesia
1935 3008 2153 3067 nostra
2193 2994 2431 3088 pariter
2491 3008 2558 3067 et
2596 2996 2660 3065 in

409 3120 793 3200 perpetuum
854 3109 1261 3190 celebrando,
1316 3107 1779 3180 distribuemus
1832 3108 2252 3201 quadraginta
2297 3110 2539 3182 solidos
2578 3112 2660 3182 de

407 3219 730 3315 pensione
767 3223 1106 3293 domorum
1165 3226 1561 3311 earumdem,
1607 3226 1782 3295 salvo
1847 3222 2108 3296 residuo
2140 3225 2469 3316 pensionis
2497 3223 2661 3317 ipsa-

409 3359 556 3406 rum
588 3337 924 3407 domorum
975 3338 1136 3408 ultra
1168 3337 1376 3409 dictos
1414 3336 1831 3430 quadraginta
1871 3340 2140 3426 solidos,
2182 3342 2352 3431 quod
2385 3338 2448 3410 in
2479 3338 2663 3410 anni-

408 3449 693 3524 versario
750 3451 854 3541 pie
923 3450 1380 3522 recordationis
1438 3458 1748 3534 Manasse,
1799 3452 2097 3545 capicerii
2149 3453 2657 3541 Aurelianensis,

407 3559 858 3631 distribuetur.
900 3563 1341 3631 Datum.anno
1368 3561 1624 3633 Domini
1665 3565 1820 3634 MCC
1855 3562 2181 3636 tricesimo
2210 3563 2510 3657 septimo,
2555 3566 2661 3636 die

406 3676 666 3749 veneris
705 3689 852 3748 ante
883 3681 1117 3748 festum
1147 3676 1313 3749 beati
1354 3683 1521 3751 Luce
1544 3679 2008 3770 euvangeliste.
