3485 5571
1768 673 2125 736 -224—

1834 1051 2006 1112 CXL!

1859 1323 2017 1388 1204

823 1578 1076 1648 Hugues,
1110 1578 1322 1651 eveque
1348 1578 1667 1645 d’OrleanS,
1714 1579 1901 1634 donne
1930 1579 1960 1634 a
1989 1579 2371 1636 Sunium-croix
2415 1580 2488 1635 20
2512 1595 2646 1635 sous
2673 1579 2744 1636 de
2768 1585 2935 1636 rente
2965 1596 3064 1635 sur

888 1673 942 1729 la
991 1689 1203 1746 grange
1243 1674 1312 1730 do
1362 1674 1618 1741 Cravant,
1643 1691 1790 1746 pour
1837 1676 2093 1732 celebrer
2144 1676 2574 1734 l’anniversaire
2619 1676 2688 1731 de
2723 1693 2785 1731 sa
2832 1677 3068 1732 cousine

886 1772 1097 1841 Agnes,
1130 1777 1404 1827 comtesse
1435 1771 1504 1827 de
1532 1771 1754 1830 Braine.

1298 1916 1517 1989 (Gopie.
1559 1918 1702 1974 sibl.
1737 1918 2052 1991 d’orleans,
2081 1935 2188 1976 ms.
2219 1919 2360 1977 552:
2392 1919 2542 1989 397).

905 2139 1110 2227 Hugo,
1180 2134 1296 2208 Dei
1363 2136 1572 2228 gracia
1633 2135 2112 2209 Aurelianensis
2174 2135 2547 2230 episcopus,
2615 2135 2923 2210 omnibus
2985 2140 3066 2208 ad

816 2272 979 2338 quos
1019 2263 1355 2340 presentes
1388 2249 1605 2346 littere
1628 2249 2036 2342 pervenerint
2075 2250 2144 2320 in
2179 2267 2585 2343 perpetuum.
2626 2255 2860 2321 Notum
2912 2248 3066 2322 faci-

814 2387 960 2435 mus
1001 2363 1321 2436 universis
1378 2367 1789 2457 presentibus
1832 2365 2063 2458 pariter
2133 2378 2198 2437 et
2234 2364 2464 2436 suturis
2487 2368 2659 2456 quod
2690 2388 2839 2436 cum
2884 2362 3067 2436 nobi-

814 2479 938 2548 lem
979 2481 1304 2568 quondam
1345 2478 1670 2550 dominam
1710 2484 2047 2571 Agamem,
2076 2483 2278 2550 Brane
2309 2478 2732 2561 comitissam,
2781 2501 3064 2550 consan-

814 2593 1114 2682 guineam
1137 2606 1448 2679 nostram,
1488 2594 1736 2665 sincera
1767 2595 1920 2663 dum
1949 2595 2187 2665 viveret
2229 2591 2466 2686 [nobis]
2502 2596 2832 2685 copularet
2871 2593 3064 2664 dilec-

818 2704 929 2793 tio,
968 2708 1257 2778 volentes
1295 2706 1486 2778 etiam
1519 2721 1584 2777 ut
1616 2721 1762 2801 post
1792 2707 1916 2778 vite
1935 2706 2256 2800 presentis
2287 2710 2622 2780 bominum
2657 2710 2822 2800 (?)ex
2840 2721 3061 2780 nostra

816 2824 1095 2892 tructum
1131 2820 1415 2893 amicitia
1441 2837 1822 2915 reportaret,
1851 2827 1955 2894 XX
1985 2822 2227 2893 solidos
2262 2823 2458 2893 annui
2498 2824 2792 2894 redditus
2828 2827 2912 2894 ob
2940 2845 3056 2895 sue

816 2938 1169 3010 remedium
1210 2941 1424 3011 anime
1454 2939 1734 3032 capitulo
1776 2944 2008 3012 Sancte
2050 2939 2675 3012 Cruciscontulimus
2719 2940 3055 3032 possiden-

814 3055 933 3124 dos
970 3068 1301 3145 perpetuo,
1336 3052 1401 3124 in
1442 3052 1644 3145 ipsius
1675 3053 2108 3126 anniversario
2143 3053 2521 3126 dividendos
2549 3079 2567 3139 3
2594 3077 2758 3146 quos
2786 3056 3062 3125 XXsoli-

814 3168 933 3238 dos
963 3169 1029 3237 in
1054 3167 1313 3260 grangia
1353 3170 1432 3239 de
1479 3168 1857 3254 (reventiis,
1921 3167 2170 3240 scilicet
2209 3170 2274 3238 in
2306 3167 2509 3239 tribus
2547 3167 2796 3240 decime
2831 3166 3052 3239 tracti-

813 3284 936 3352 bus
971 3295 1035 3353 et
1083 3281 1148 3352 in
1203 3305 1327 3353 una
1375 3282 1704 3353 straminis
1767 3284 2164 3374 quadrigata,
2208 3306 2464 3355 necnon
2515 3294 2580 3354 et
2620 3280 2681 3353 in
2727 3280 3059 3374 posicione

818 3416 1232 3467 excussorum
1276 3395 1339 3466 in
1382 3396 1654 3484 decima,
1699 3397 1851 3468 etin
1894 3419 2027 3469 uno
2100 3410 2288 3488 pastu
2325 3419 2526 3488 quem
2571 3398 2762 3467 solvit
2795 3399 3058 3488 presby-

830 3522 924 3580 ter
969 3510 1076 3601 qui
1134 3534 1168 3581 a
1234 3514 1585 3604 Stephano,
1649 3510 1759 3602 qui
1822 3514 2079 3582 Boellus
2126 3512 2516 3603 cognomine
2568 3509 2929 3596 dicebatur,
2981 3513 3059 3581 de

819 3646 1093 3695 assensu
1131 3639 1257 3697 tam
1299 3624 1509 3697 uxoris
1567 3648 1682 3697 sue
1740 3649 1932 3717 quam
1968 3627 2277 3697 heredum
2335 3648 2599 3696 suorum
2642 3646 3053 3716 comparasse

819 3738 1151 3811 noscimur
1180 3739 1477 3812 duximus
1501 3745 1971 3833 assignandos3
2000 3740 2066 3811 in
2099 3741 2371 3833 opcione
2407 3755 2623 3812 tamen
2653 3738 3052 3812 successoris

818 3853 1104 3947 episcopi
1123 3856 1560 3947 relinquentes
1587 3860 1763 3947 quod
1803 3868 1912 3928 aut
1940 3855 2222 3948 predicta
2249 3853 2462 3925 omnia
2503 3853 2625 3925 sibi
2667 3853 2950 3926 detineat
2992 3865 3056 3924 et

821 3973 900 4040 ab
980 3968 1123 4062 ipso
1203 3968 1467 4061 suisque
1543 3969 2036 4042 successoribus
2119 3970 2444 4062 episcopis
2519 3968 2858 4041 memorati
2958 3971 3055 4039 XX

818 4083 1005 4154 solidi
1068 4086 1244 4155 dicto
1310 4082 1590 4176 capitulo
1642 4084 1831 4156 annis
1871 4083 2143 4176 singuiis
2195 4085 2260 4153 in
2301 4087 2544 4176 prefato
2618 4080 3056 4156 anniversario

814 4200 1278 4290 persolvantur,
1322 4211 1429 4269 aut
1499 4198 1622 4290 ipsi
1690 4198 1972 4291 capitulo
2020 4196 2339 4289 relinquat
2403 4200 2664 4270 easdem
2706 4197 2953 4288 integre
2992 4208 3054 4266 et

813 4310 1028 4402 quiete
1100 4325 1410 4404 perpetuo
1484 4313 1902 4403 possidenda.
1974 4314 2160 4397 Quod
2227 4325 2297 4383 ut
2370 4325 2577 4383 ratum
2639 4323 2937 4383 teneatur
2993 4323 3054 4380 et

821 4441 1044 4497 notum
1090 4440 1460 4519 permaneat
1490 4441 1857 4518 presentem
1921 4425 2215 4518 paginam
2250 4424 2443 4517 sigilli
2476 4424 2680 4498 nostri
2722 4428 3049 4495 karactere

814 4539 1085 4612 lecimus
1113 4540 1420 4613 roborari.
1467 4544 1689 4612 Actum
1720 4563 1892 4611 anno
1927 4539 2139 4631 gracie
2166 4543 2313 4614 MCC
2360 4554 2609 4631 quarto.
