3485 5571
1782 676 2100 739 ..33-

808 830 983 879 mum
1013 807 1183 898 apud
1221 802 1619 879 conditorem
1667 803 1957 876 omnium
2016 808 2222 875 Deum
2243 806 2284 850 θ’
2311 804 2603 877 obtinere
2640 803 3048 889 confidimns,

806 925 1007 993 dum·
1055 918 1441 993 venerabilia
1499 921 1636 991 loca
1712 921 1793 989 ad
1857 917 2189 991 meliorem
2245 931 2481 989 statum
2539 933 2762 990 nostro
2818 919 3052 990 tuerint

806 1034 1222 1107 amminiculo
1287 1046 1630 1125 reparata3
1689 1046 1755 1104 et
1815 1032 1879 1102 in
1949 1035 2071 1104 boc
2130 1035 2443 1105 debemus
2499 1056 2691 1104 omne
2771 1032 3052 1103 studium

806 1155 1068 1233 babere,
1099 1163 1189 1231 ut,
1220 1148 1366 1240 quia
1389 1151 1633 1219 nostris
1674 1146 1960 1239 peccatis
1997 1146 2404 1237 exigentibus
2424 1169 2636 1218 rerum
2676 1149 2837 1218 ordo
2864 1146 3052 1217 nimis

805 1267 1097 1336 turbatus
1154 1276 1279 1346 est,
1340 1260 1545 1344 illum,
1602 1263 1671 1331 in
1720 1275 2029 1350 quantum
2095 1284 2469 1353 possumus,
2514 1266 2652 1333 Deo
2696 1262 3054 1353 largentie⁴

808 1390 1172 1450 sustentare
1233 1398 1561 1447 curemus.
1617 1374 1896 1447 Proinde
1967 1373 2215 1465 noverit
2267 1390 2488 1447 sancta
2553 1391 2619 1447 et
2676 1375 3053 1448 universalis

802 1492 1113 1571 Ecclesia,
1144 1503 1641 1581 nostrorumque
1673 1504 1803 1561 tam
1845 1492 2259 1582 praesentium
2301 1512 2490 1581 quam
2554 1494 2911 1562 luturorum
2949 1513 3054 1562 so·

805 1607 985 1678 lertia
1006 1618 1055 1691 ⁶,
1129 1607 1279 1696 quia
1340 1604 1435 1674 vir
1512 1603 1895 1675 venerabilis
1945 1606 2285 1675 Anselmns
2307 1606 2350 1690 Ῑ,
2409 1603 2730 1696 praedictae
2770 1606 3055 1676 civitatis

804 1720 1176 1813 episcopus,
1239 1721 1469 1790 adiens
1526 1731 1815 1789 nostram
1881 1717 2317 1800 serenitatem,
2380 1718 2613 1790 obtulit
2696 1719 3055 1810 praesentiae

803 1833 1267 1906 auctoritatcs0
1321 1835 1876 1923 praedecessorum
1921 1846 2316 1915 nostrorum,
2361 1832 2843 1924 apostilicorum
2886 1833 3059 1905 viro·

802 1974 946 2020 rum
969 1951 1158 2040 hujus
1184 1961 1425 2020 sanctae
1450 1950 1625 2019 sedis
1653 1952 1984 2032 Romanae,
2039 1946 2100 2016 in
2137 1946 2372 2038 quibus
2411 1948 2862 2019 continebatur
2897 1972 3060 2039 qua-

803 2066 948 2135 liter
1012 2065 1071 2135 ei
1119 2085 1349 2134 omnes
1405 2085 1510 2133 res
1544 2060 1840 2133 ecclesiae
1881 2085 2014 2132 suae
2058 2064 2518 2153 perpetualiter
2568 2064 2645 2133 ad
2687 2065 3059 2133 deservien-

801 2182 953 2250 dum
1015 2175 1608 2259 confirmaverint‘¹‚
1672 2179 2008 2270 postulans
2041 2191 2231 2269 atque
2262 2178 2590 2247 humiliter
2647 2180 3056 2247 observans‘

805 2307 875 2365 ut
904 2317 1045 2377 noe,
1084 2314 1331 2363 morem
1373 2293 1878 2383 praecedentium
1924 2303 2172 2381 patrum
2218 2305 2590 2381 sequentes,
2646 2293 2906 2362 easdem
2948 2314 3060 2363 res

801 2435 839 2481 a
894 2414 1137 2480 sanctae
1186 2406 1331 2477 fidei
1392 2403 1749 2477 cultoribus
1807 2409 1928 2479 sub
1969 2418 2501 2481 testamentorum
2560 2404 3061 2477 traditionibus!

806 2518 1016 2589 eidem
1056 2516 1350 2587 ecclesiae
1398 2519 1750 2607 delegatae,
1804 2539 2156 2607 regumque
2196 2520 2582 2588 Francorum
2632 2529 3060 2587 testamento·

801 2634 995 2707 rum¹e
1018 2630 1372 2701 munimine
1411 2634 1872 2723 promulgatas,
1909 2643 1974 2705 et
2012 2630 2363 2725 apostolica
2391 2630 2807 2702 auctoritate‘
2835 2654 2869 2701 a
2897 2654 3060 2703 nos-

802 2747 917 2818 tris
1003 2746 1593 2838 praedecessoribns
1675 2743 1923 2837 pridem
2010 2744 2388 2826 destinatas,
2478 2745 2739 2817 simitim
2809 2759 3056 2826 nostrae
3101 2746 3110 2759 “

800 2861 1256 2933 anctoritatis'·
1294 2861 1629 2955 privilegio
1679 2864 2276 2933 corroboraremus.
2321 2865 2516 2953 Cujus
2551 2885 2669 2933 nos
2707 2863 3060 2935 liberalita-

807 2975 934 3046 tis⁰
970 2977 1314 3066 benignam
1354 2975 1731 3067 petitionem
1774 2975 2048 3067 gratuito
2089 2979 2299 3048 lavore
2330 2976 2791 3069 suscipimus»,
2828 2979 3059 3048 ritum-

802 3103 967 3180 que‘1
1019 3093 1331 3161 ducentes¹
1378 3090 1441 3159 id
1490 3112 1676 3181 agere
1724 3090 2152 3162 decrevimus,
2251 3094 2376 3162 Res
2457 3105 2672 3163 autem
2738 3115 2900 3183 quas
2976 3092 3043 3161 in

805 3202 1287 3295 praesentiarum
1340 3203 1479 3295 ipsa
1543 3206 1777 3276 retinet
1827 3207 2100 3277 ecclesia
2155 3210 2252 3276 hae
2315 3222 2464 3278 sunt
2509 3229 2525 3277 ε
2593 3206 3054 3278 Monasterium

805 3319 1009 3392 sancti
1049 3317 1312 3390 Evurtii.
1358 3318 1807 3392 Monasterium
1854 3319 2059 3392 sancti
2101 3320 2392 3412 Liphardi
2418 3335 2441 3366 r
2487 3344 2632 3393 cum
2674 3325 2866 3394 rebus
2903 3345 3052 3413 quae

804 3431 1051 3504 suntin
1084 3433 1384 3515 pontino,
1430 3446 1494 3505 et
1544 3432 1611 3502 in
1670 3433 2081 3508 Maconensi⁸
2139 3456 2326 3527 pago,
2369 3434 2536 3508 etin
2580 3434 2916 3510 Provincia
2979 3459 3056 3510 ex

802 3548 1045 3621 eadem.
1078 3548 1335 3623 abbatia
1378 3545 1871 3640 pertinentibus»,
1906 3571 2173 3639 quarum
2229 3552 2369 3621 haec
2408 3563 2561 3621 sunt
2622 3551 2927 3621 nomina:
2976 3552 3050 3622 in

801 3659 1098 3743 Pontiae,
1143 3658 1286 3732 villa
1316 3660 1544 3744 Rabis‚
1574 3685 1721 3736 cum
1790 3662 2089 3737 omnibus
2140 3661 2261 3734 sibi
2302 3665 2496 3736 rebus
2547 3663 3054 3756 pertinentibus.

806 3773 1259 3848 Monasterium
1285 3773 1488 3850 sancti
1515 3775 1831 3850 Maximini
1858 3780 2344 3849 monachorum.
2371 3781 2529 3850 Item
2563 3782 2804 3870 capella
2826 3786 2845 3825 ⁸
2865 3802 3059 3852 sanc·

806 3889 853 3962 ti
892 3887 1209 3966 Maximini
1242 3891 1418 3979 juxta
1457 3913 1734 3962 murum.
1784 3890 2232 3966 monasterium
2271 3891 2476 3963 sancti
2523 3895 2691 3968 Petri
2743 3895 3055 3968 virorum.

805 4000 1259 4074 Monasterium
1321 4003 1527 4075 sancti
1579 4003 1748 4078 Petri
1817 4008 2194 4099 puellarum.
2276 4004 2728 4079 monasterium
2813 4020 3056 4079 sanctae

870 4315 1005 4368 XIX
1031 4342 1095 4356 —
1117 4317 1169 4370 b.
1201 4316 1261 4378 S)
1287 4317 1580 4368 dominum.
1614 4345 1677 4358 —
1717 4335 1764 4371 c.
1792 4320 1855 4383 Β)
1884 4322 2044 4385 quod.
2075 4348 2136 4359 —
2163 4321 2218 4370 d.
2249 4321 2319 4383 B)
2352 4322 2461 4371 Deo
2495 4321 2632 4386 larg.
2664 4337 2972 4387 possumne.
2995 4348 3064 4363 -

809 4413 859 4450 e.
893 4398 958 4460 B)
981 4397 1242 4451 sollertia.
1284 4422 1346 4436 —
1394 4399 1439 4462 f.
1474 4398 1539 4462 B)
1573 4400 1864 4454 Arnulfus.
1912 4426 1977 4450 -ο
2015 4418 2071 4465 9.
2105 4401 2162 4466 S)
2190 4403 2560 4456 authoritates.
2587 4429 2650 4444 --
2691 4404 2746 4455 h.
2776 4405 2845 4467 S)
2869 4403 3062 4455 eonfit-

808 4485 1111 4532 meverunt.
1136 4501 1198 4515 —
1228 4478 1267 4529 ι’.
1301 4479 1455 4532 Corr.
1483 4479 1794 4532 obsecrans.
1827 4509 1888 4520 —
1905 4483 1955 4545 j.
1981 4483 2038 4544 S)
2067 4483 2482 4538 conditionibus,
2506 4509 2569 4522 —
2592 4485 2646 4536 k.
2676 4484 2738 4544 B)
2771 4482 3058 4551 privilegii.

807 4585 869 4606 -
896 4562 938 4610 l.
964 4560 1023 4622 S)
1054 4559 1399 4610 authoritate.
1432 4587 1489 4598 —-
1511 4577 1585 4610 m.
1614 4562 1677 4624 S)
1706 4563 1972 4615 similiter.
1998 4591 2059 4600 —
2098 4579 2153 4612 η.
2182 4563 2241 4624 S)
2277 4564 2642 4617 authoritatis.
2681 4592 2738 4603 -
2766 4580 2816 4613 o.
2849 4564 2907 4627 S)
2933 4563 3061 4614 libe-

808 4640 1011 4690 raliter.
1043 4667 1103 4676 —
1130 4655 1190 4701 p.
1240 4637 1297 4700 B)
1352 4641 1713 4704 suscepimus.
1747 4668 1810 4681 —
1861 4659 1916 4708 q.
1953 4642 2015 4704 B)
2059 4650 2362 4708 ratumque.
2416 4673 2478 4681 —
2531 4658 2572 4694 r.
2627 4643 2692 4707 B)
2732 4644 3061 4716 Lyfardi.—

806 4735 852 4770 ⁸.
887 4722 954 4782 Β)
983 4720 1153 4771 Mese.
1178 4745 1242 4759 —
1265 4726 1305 4772 t.
1334 4722 1393 4785 B)
1430 4723 1713 4787 capellam.
