3485 5571
1407 656 1766 719 -531-

457 785 775 873 majestati
817 782 1124 874 regalium
1163 784 1436 856 ratione.
1481 786 1605 856 Sed
1635 783 1781 876 quia
1807 783 2017 856 dictus
2052 784 2401 879 episcopus
2437 784 2718 878 jussioni

458 909 701 978 nostre,
721 909 909 987 prout
930 900 1292 983 tenebatur,
1314 898 1682 970 consentire
1697 896 1954 990 penitus
1978 898 2392 991 pretermisit,
2420 901 2527 993 [et]
2545 923 2718 991 rega·

456 1011 542 1079 lia
573 1032 696 1100 que
730 1008 1131 1101 pertinebant
1169 1013 1248 1081 ad
1287 1035 1409 1083 nos
1443 1035 1572 1083 non
1612 1011 1859 1083 distulit
1888 1035 2230 1104 occupare,
2258 1036 2388 1085 non
2420 1018 2718 1088 volumus

456 1126 601 1215 ejus
639 1122 944 1195 delictum
1006 1125 1245 1197 clausis
1299 1125 1506 1198 oculis
1562 1125 1974 1217 pertransire.
2021 1131 2390 1199 Pretaxatus
2451 1128 2716 1219 quidem

457 1237 827 1330 episcopus,
872 1238 1038 1310 sicut
1094 1240 1280 1311 nobis
1326 1240 1658 1329 asseritur,
1719 1240 2198 1314 universitatem
2244 1255 2521 1315 vestram
2580 1249 2718 1317 dul·

459 1350 620 1422 citer
656 1352 935 1423 exoravit
974 1357 1144 1444 quod
1181 1377 1291 1426 vos
1323 1357 1387 1425 in
1430 1354 1754 1427 civitatem
1795 1369 1858 1427 et
1897 1357 1960 1427 in
2005 1380 2314 1447 personas
2346 1358 2535 1430 nobis
2564 1363 2716 1430 sub-

456 1467 665 1556 jectas
723 1468 1087 1558 generalem
1130 1470 1512 1539 sententiam
1555 1468 1895 1560 proferatis
1931 1495 1948 1555 3
1979 1474 2092 1542 sed
2154 1474 2295 1562 ejus
2332 1472 2717 1545 exhortatio-

464 1602 614 1650 nem
654 1579 866 1650 surdis
897 1581 1162 1652 auribus
1201 1594 1635 1665 transeunteS‚
1680 1583 1892 1653 divina
1935 1583 2092 1655 satis
2117 1606 2400 1675 congrue
2426 1588 2716 1656 celebra-

469 1695 592 1763 tis:
639 1706 897 1785 propter
934 1697 1101 1784 quod
1161 1697 1440 1766 favorem
1504 1694 1678 1787 regie
1737 1697 2094 1788 majestatis
2137 1695 2333 1768 immo
2373 1712 2437 1769 et
2485 1699 2718 1789 gratias

469 1805 800 1878 obtinetis.
843 1812 971 1878 Nos
1011 1806 1201 1899 igitur
1229 1808 1623 1880 universitati
1645 1825 1862 1882 vestre
1905 1815 2343 1903 persolventes
2373 1810 2718 1903 gratiarum

470 1920 882 1995 multimodas
920 1921 1234 2007 actione5‚
1268 1938 1543 1996 vestram
1585 1948 1889 2017 rogamus
1928 1926 2382 1999 discretionem
2418 1928 2719 2019 quatinus

472 2039 684 2127 regale
726 2039 836 2128 jus
877 2036 1031 2108 illud
1072 2037 1383 2109 illibatum
1424 2026 1488 2109 et
1529 2038 1850 2131 integrum
1887 2043 2314 2128 conservetiS,
2358 2057 2423 2114 et
2471 2042 2535 2112 in
2587 2057 2716 2114 tam

475 2148 576 2242 pia
615 2150 974 2223 constantia
1008 2176 1121 2224 vos
1162 2152 1436 2225 fideliter
1474 2154 1789 2226 habeatis.

1394 2513 1835 2576 CCCLXXXIV

1518 2814 1720 2895 [1211]

553 3065 628 3120 Le
657 3064 907 3136 chapitre
936 3064 1225 3120 d’Orleans
1255 3065 1470 3138 repond
1498 3066 1529 3119 a
1578 3066 2115 3137 philippe-Auguste
2162 3067 2300 3139 qu’il
2352 3067 2613 3123 differera
2660 3066 2729 3123 de

485 3160 677 3217 lancer
703 3159 993 3227 l'interdit,
1024 3166 1147 3217 tant
1174 3178 1282 3232 que
1312 3162 1363 3215 le
1393 3163 1539 3217 droit
1557 3160 1695 3216 ecrit
1720 3177 1795 3217 ne
1815 3162 1887 3233 l’y
1911 3162 2267 3220 contraindra
2286 3180 2382 3236 pas
2408 3182 2425 3232 ς
2447 3164 2484 3219 il
2517 3180 2732 3219 recom-

482 3257 686 3312 mande
702 3257 952 3329 l’eveque
981 3257 1014 3312 a
1041 3258 1098 3312 la
1121 3257 1523 3313 bienveillance
1553 3259 1627 3312 du
1660 3258 1763 3313 roi.

1052 3405 1272 3477 (Gopie.
1312 3405 1432 3461 Bib.
1464 3406 1592 3461 Nat.
1633 3406 1837 3461 Baluze
1858 3404 1966 3462 128
1995 3421 2008 3460 ε
2037 3405 2163 3474 306)

576 3621 867 3714 Philippo
940 3621 1478 3693 excellentissimo
1549 3625 1841 3705 domino,
1902 3621 2018 3694 Dei
2077 3623 2273 3714 gratia
2342 3627 2729 3696 Francorum

484 3734 645 3827 regi,
686 3741 970 3807 decanus
1017 3749 1349 3828 totumque
1380 3735 1854 3808 Aurelianensis
1892 3737 2167 3809 ecclesie
2206 3736 2579 3829 capitulum,
2635 3763 2734 3811 sa·

486 3852 681 3920 lutem
710 3863 774 3920 et
814 3848 1092 3920 debitam
1134 3849 1196 3918 in
1239 3850 1538 3920 omnibus
1579 3852 2025 3920 reverentiam.
2065 3856 2319 3937 Quanto
2350 3851 2604 3941 dignius
2636 3865 2736 3923 est

487 3985 721 4034 nomen
761 3984 983 4054 regum
1023 3976 1087 4033 et
1143 3961 1365 4053 gloria,
1426 3976 1600 4032 tanto
1640 3965 1833 4034 debet
1871 3963 2155 4055 impendi
2202 3964 2462 4054 regibus
2501 3965 2733 4056 dignus

488 4078 693 4145 honor
713 4089 777 4145 et
800 4073 1115 4165 subjectio
1142 4087 1607 4145 consummata.
1633 4078 2074 4147 Reverendum
2094 4089 2337 4167 patrem
2360 4075 2733 4167 episcopum

488 4202 804 4274 nostrum,
860 4188 1004 4278 quia
1062 4186 1327 4277 deliquit
1391 4187 1456 4258 in
1519 4211 1630 4259 vos
1697 4188 2166 4280 mancipatione
2215 4190 2550 4280 regalium,
2589 4212 2739 4280 spo-

489 4301 715 4373 liastis,
765 4305 838 4371 Et
876 4301 1026 4394 quia
1058 4314 1319 4393 propter
1358 4302 1864 4374 exhortationem
1918 4317 2192 4375 vestram
2231 4306 2370 4393 ejus
2411 4302 2735 4374 civitatem

491 4430 554 4490 ct
580 4440 888 4508 personas
915 4415 1191 4487 civitatis
1208 4440 1571 4509 supponere
1591 4417 1916 4489 noluimus
1934 4420 2304 4501 interdicto,
2321 4419 2508 4488 nobis
2530 4434 2741 4508 grates

497 4530 816 4624 porrigitis
890 4530 1214 4622 copiosas,
1314 4530 1697 4623 propensius
1773 4546 2222 4603 ammonentes
2287 4534 2459 4622 quod
2529 4536 2742 4623 regale

494 4652 694 4719 decus
747 4669 783 4716 a
843 4645 1030 4718 nobis
1082 4647 1147 4715 in
1211 4659 1337 4717 tam
1381 4646 1482 4736 pia
1521 4646 1885 4716 constantia
1942 4661 2361 4718 conservetur
2426 4660 2488 4718 et
2550 4646 2747 4720 inter-
