3485 5571
1664 700 1730 711 -
1782 665 1966 725 XLIV
2006 698 2085 711 --

736 792 1234 863 monasterium
1271 792 1502 861 sancti
1535 791 1911 861 Maximini
1948 791 2470 872 monachorum,
2530 790 2712 860 n’est
2771 792 2989 882 qu'un

739 906 993 998 simple
1049 906 1640 999 developpement
1692 905 1781 974 de
1838 905 1903 974 la
1976 904 2236 996 phrase
2303 904 2431 974 des
2493 904 2846 996 diplomes
2902 906 2990 974 de

740 1019 1076 1088 Lothaire
1116 1023 1188 1086 et
1226 1018 1313 1088 de
1354 1019 1577 1088 Louis
1614 1018 1700 1086 V.

829 1132 1035 1202 Voici
1066 1156 1149 1201 ce
1180 1155 1514 1225 passage,
1557 1133 1737 1202 dans
1776 1155 1909 1203 son
1951 1133 2221 1202 entier:

829 1275 858 1310 ι
914 1246 1428 1316 Monasterium
1470 1248 1700 1317 sancti
1761 1246 2030 1317 Lifardi
2091 1269 2254 1315 cum
2307 1246 2526 1315 rebus
2588 1270 2748 1340 quae
2819 1254 2988 1319 sunt

733 1360 805 1429 in
848 1361 1180 1443 Pontiv0,
1217 1361 1357 1431 hoc
1404 1367 1515 1431 est
1564 1359 1728 1429 villa
1768 1360 1939 1428 Rais
1990 1381 2207 1451 super
2259 1359 2555 1428 fluvium
2612 1359 2982 1451 Alevegia,

733 1475 1095 1545 Frovenas
1153 1498 1368 1567 super
1419 1473 1712 1544 fluvium
1774 1473 2010 1567 Canaa
2079 1473 2288 1563 (alias
2340 1474 2717 1543 Frovenlis
2772 1497 2988 1566 snper·

729 1588 1011 1677 fluvium
1060 1590 1412 1678 ρααηὶἰα),
1453 1590 1860 1680 Angraonae
1894 1588 2106 1678 (alias
2135 1588 2553 1679 Aiyraonae)
2585 1588 2848 1671 vicum,
2889 1591 2984 1660 si-

732 1704 993 1774 militer
1030 1705 1397 1775 Ceresium
1437 1705 1559 1796 qui
1597 1707 1708 1772 est
1748 1703 1819 1771 in
1856 1724 2046 1793 pago
2078 1701 2380 1784 Caltivo,
2421 1725 2559 1771 una
2594 1726 2759 1772 cum
2786 1705 2982 1773 omni

732 1817 985 1885 merito
1019 1816 1129 1885 vel
1168 1816 1616 1909 appendiciis
1656 1838 1931 1899 eorum,
1996 1821 2067 1884 et
2117 1837 2233 1883 res
2285 1838 2444 1906 quae
2484 1819 2652 1884 sunt
2688 1816 2757 1884 in
2796 1817 2983 1886 Noc-

731 1931 926 2002 duno
978 1937 1048 2001 et
1101 1932 1288 2001 circa
1330 1933 1808 2014 Nocdunum;
1866 1932 1938 2001 in
1989 1954 2177 2023 pago
2231 1931 2589 2001 Turonico
2641 1932 2808 2003 villa
2852 1934 2983 2003 De·

732 2046 899 2117 dera
940 2069 1156 2139 super
1193 2047 1486 2117 fluvium
1536 2048 1658 2138 qui
1711 2046 1974 2116 dicitur
2013 2046 2248 2114 Karus
2283 2067 2448 2114 cum
2505 2046 2839 2116 omnibus
2887 2047 2976 2115 ad

732 2182 811 2231 se
851 2161 1404 2251 pertinentibus3
1434 2161 1601 2229 item
1634 2161 1703 2230 in
1736 2182 1923 2252 pago
1955 2158 2467 2228 Matisconensi
2515 2159 2979 2244 Vitalianum,

729 2279 800 2344 et
841 2274 1096 2344 Cirrati
1129 2274 1338 2365 (alias
1380 2273 1666 2366 Cirr-eli)
1701 2274 1773 2341 in
1817 2296 2005 2366 pago
2053 2272 2512 2365 Vapincensi,
2586 2296 2746 2366 quae
2792 2280 2962 2343 sunt

729 2386 802 2455 in
846 2386 1258 2479 Burgundia
1299 2386 1408 2457 vel
1469 2388 1541 2456 in
1607 2386 1986 2456 Provincia
2028 2408 2190 2454 cum
2223 2387 2500 2455 mansis
2540 2394 2613 2455 et
2641 2386 2978 2457 omnibus

732 2499 821 2570 ad
859 2523 937 2569 se
976 2501 1537 2592 pertinentibus;
1593 2502 1761 2570 item
1814 2502 1883 2569 in
1947 2523 2134 2592 pago
2204 2499 2547 2581 Biturico,
2582 2501 2651 2569 in
2712 2500 2977 2570 vicaria

728 2614 1250 2696 Carbriacensi,
1294 2615 1366 2684 in
1428 2614 1594 2685 villa
1634 2614 2049 2703 Brustogilo
2100 2637 2432 2685 mansum
2476 2614 2503 2682 1
2545 2638 2708 2684 cum
2742 2616 2972 2702 terriS,

732 2729 977 2820 pratiS,
1026 2729 1227 2799 silvis
1285 2735 1356 2799 et
1416 2729 1840 2821 adjacentiis
1896 2729 2280 2813 omnibus3
2324 2731 2395 2799 in
2455 2751 2645 2822 pago
2700 2729 2978 2799 Pincia-

730 2865 949 2913 cense
1006 2843 1265 2924 Nielfa,
1306 2844 1740 2936 CrispiacaS,
1786 2844 2356 2935 Pompennacas,
2392 2845 2686 2912 Amavia
2728 2849 2796 2912 et
2834 2844 2978 2911 Vil-

731 2956 902 3041 lare,
947 2981 1109 3026 cum
1150 2958 1485 3027 omnibus
1534 2958 1749 3027 rebus
1815 2964 1886 3028 et
1937 2959 2383 3050 appendiciis
2445 2957 2534 3026 ad
2589 2957 2778 3027 idem
2829 2981 2979 3026 mo-

731 3073 1121 3143 nasterium
1158 3071 1702 3163 pertinentibus.
1739 3071 1917 3140 Item
1958 3073 2471 3142 monasterium
2498 3073 2726 3142 sancti
2760 3071 2977 3140 Maxi·
3070 3132 3074 3136 ,

731 3187 903 3255 mini
955 3187 1496 3267 monachorum,
1540 3190 1668 3254 ele.
1718 3214 1749 3249 ι

820 3300 925 3369 En
966 3301 1446 3392 rapprochant
1484 3323 1565 3369 ce
1603 3323 1914 3393 passage
1951 3301 2040 3369 de
2078 3299 2262 3370 celui
2302 3301 2452 3391 qui,
2495 3300 2676 3369 dans
2711 3299 2817 3369 les
2863 3300 2978 3369 di·

729 3413 1004 3503 plomes
1045 3414 1134 3483 de
1174 3414 1511 3486 Lothaire
1549 3418 1622 3483 et
1667 3415 1755 3483 de
1794 3414 2014 3484 Louis
2054 3414 2140 3495 V,
2183 3415 2491 3483 attribue
2540 3437 2630 3483 au
2689 3436 2976 3484 monas-

729 3532 875 3597 tere
936 3528 1025 3597 de
1084 3528 1642 3621 Saint-Liphard
1696 3528 1826 3598 des
1888 3529 2355 3620 possessions
2421 3528 2601 3596 dans
2662 3527 2730 3597 le
2786 3529 2975 3598 Pon·

730 3642 952 3723 thieu,
995 3641 1175 3710 dans
1225 3642 1290 3711 le
1348 3642 1767 3712 Maconnais
1817 3649 1888 3713 et
1949 3642 2129 3711 dans
2185 3641 2249 3712 la
2301 3642 2691 3724 provence,
2731 3665 2823 3712 on
2865 3648 2978 3712 est

729 3760 946 3835 tente,
988 3756 1489 3838 disons-nouS,
1533 3756 1622 3824 de
1677 3779 1767 3825 ne
1820 3756 1976 3826 voir
2026 3756 2207 3825 dans
2268 3756 2333 3825 le
2388 3755 2656 3825 second
2713 3756 2974 3848 qu’une

727 3868 1238 3960 amplification
1277 3875 1421 3941 tres
1463 3869 1789 3939 detaillee
1825 3870 1920 3939 du
1960 3870 2309 3962 premier;
2355 3893 2435 3939 ce
2468 3875 2824 3940 caractere
2855 3894 2975 3962 pu-

728 3988 1001 4052 rement
1061 3983 1506 4076 amplificatis
1552 3984 1647 4052 du
1710 3982 1979 4053 second
2035 3989 2218 4053 texte
2275 3983 2545 4053 semble
2607 3983 2968 4053 d’ailleurs

727 4097 951 4166 rendu
993 4096 1333 4188 probable
1373 4121 1501 4189 par
1561 4097 1625 4167 le
1676 4098 1808 4168 fait
1862 4121 2002 4189 que
2042 4097 2147 4168 les
2188 4100 2652 4190 possessions
2692 4098 2972 4169 du'Ma-

728 4211 1027 4283 connais
1065 4219 1138 4281 et
1175 4213 1264 4281 de
1296 4211 1359 4281 la
1397 4211 1762 4282 Provence
1792 4236 1872 4283 se
1909 4218 2242 4282 trouvent
2269 4218 2387 4302 (au
2420 4214 2662 4285 milieu
2701 4212 2968 4284 d’addi-

726 4328 917 4396 tions
958 4325 1355 4409 nouvelles)
1392 4326 1657 4418 figuret
1695 4327 1876 4395 dans
1910 4327 1975 4395 le
2011 4328 2276 4397 second
2309 4334 2518 4412 texte,
2557 4334 2629 4398 et
2648 4350 2734 4397 en
2766 4334 2967 4397 outre

725 4465 852 4534 par
934 4445 1116 4509 cette
1200 4440 1730 4509 consideration
1809 4440 1978 4531 qu'il
2053 4447 2164 4510 est
2245 4440 2522 4510 naturel
2604 4442 2961 4523 d’arreter,

723 4577 1001 4625 comme
1040 4559 1079 4621 a
1123 4576 1263 4623 une
1301 4554 1720 4624 conclusion
1763 4555 2105 4638 normale,
2141 4555 2207 4624 le
2259 4560 2445 4624 texte
2500 4555 2814 4647 amplifie
2873 4579 2964 4624 au

725 4669 926 4760 point
988 4673 1083 4739 οὺ
1135 4668 1441 4746 finissait
1492 4669 1558 4737 le
1611 4675 1797 4739 texte
1858 4670 2188 4761 simplifie
2244 4668 2632 4754 lui-meme,
2687 4670 2866 4739 c’est
2890 4673 2966 4737 a·
