3485 5571
1867 1013 2010 1073 XIII

1702 1261 2083 1341 [1171-1176
2112 1261 2160 1344 ¹]

801 1480 1212 1553 L‘archeveque
1242 1481 1311 1536 de
1348 1482 1488 1537 Sene
1515 1481 1838 1539 Guillaume
1862 1483 2133 1540 confirmo
2161 1483 2423 1540 l’entente
2449 1486 2776 1542 inter-venue
2798 1493 2961 1542 entre
2991 1488 3040 1541 le

869 1578 1120 1649 chapitre
1149 1578 1442 1634 d’Orleans
1472 1584 1527 1634 et
1555 1580 1638 1634 les
1659 1579 1916 1650 Lepreux
1947 1580 2017 1635 de
2057 1580 2360 1637 Bonneval.

1547 1749 1737 1821 (Copie
1768 1749 1838 1804 de
1869 1751 2091 1815 Baluze‚
2124 1766 2179 1820 p.
2215 1750 2294 1819 6.)

887 1991 1026 2071 Que
1061 1989 1222 2055 bene
1254 2008 1325 2055 ac
1364 1984 1769 2055 laudabiliter
1796 1984 2254 2078 disponuntur,
2296 1984 2523 2055 futuris
2563 1988 2639 2055 ad
2674 1984 3045 2057 memoriam

796 2102 1158 2170 adnotanda
1214 2115 1365 2171 sunt
1407 2100 1826 2190 temporibus,
1913 2121 1990 2168 ne
2059 2100 2434 2189 cujusquam
2520 2098 3048 2191 tergiversatione

798 2210 1021 2284 inverti
1081 2228 1187 2283 aut
1254 2213 1460 2303 aliqua
1541 2211 1790 2303 possint
1853 2211 2172 2283 oblivione
2225 2213 2490 2283 aboleri.
2555 2215 2751 2304 Hujus
2832 2206 3046 2305 itaque

797 2326 1062 2399 rationis
1103 2326 1332 2396 intuitu
1374 2350 1493 2417 ego
1546 2327 1933 2411 willelmus,
1982 2328 2098 2396 Dei
2127 2324 2322 2416 gratia
2366 2325 2761 2398 Senonensis
2801 2327 3047 2398 archie-

799 2443 1101 2532 piscopus
1136 2456 1199 2512 et
1241 2440 1604 2532 Apostolice
1645 2442 1830 2511 Sedis
1869 2444 2138 2532 legatuS,
2182 2442 2259 2510 ad
2305 2438 2592 2510 omnium
2648 2456 2774 2510 tam
2807 2445 3051 2513 tuturo-

797 2579 936 2624 rum
978 2579 1166 2646 quam
1211 2554 1604 2649 presentium
1646 2554 1933 2625 notitiam
1984 2554 2244 2645 perduci
2287 2554 2584 2625 volumus
2613 2555 2785 2645 quod
2825 2579 3046 2635 causa,

793 2693 915 2759 que
958 2668 1122 2739 inter
1154 2669 1421 2740 dilectos
1464 2668 1627 2739 lilios
1674 2684 1932 2740 nostros
1966 2672 2295 2760 Hugonem
2335 2672 2650 2739 decanum
2697 2686 2760 2740 et
2798 2668 3048 2760 capitu-

792 2789 919 2855 lum
982 2783 1453 2856 Aurelianensis
1511 2782 1805 2854 ecclesiae
1855 2800 1915 2855 et
1973 2790 2286 2878 Leprosos
2342 2782 2421 2855 de
2460 2787 2797 2855 Bonavalle
2851 2809 3048 2877 super

793 2898 1061 2969 diversis
1090 2897 1380 2969 articulis
1427 2899 1487 2967 in
1530 2896 1844 2968 auditorio
1885 2914 2105 2968 nostro
2138 2897 2380 2969 diutius
2408 2899 2638 2991 agitata
2676 2913 2798 2980 est,
2845 2901 3037 2970 linem

794 3015 1050 3083 tandem
1083 3014 1242 3104 parti
1288 3011 1536 3102 utrique
1576 3027 1910 3103 acceptum
1959 3011 2206 3094 sortita,
2251 3012 2749 3105 compositione,
2782 3027 3047 3085 auctore

793 3127 1089 3209 Domino,
1125 3125 1440 3196 amicabili
1494 3126 1828 3197 terminata
1879 3140 2002 3197 est.
2066 3125 2381 3212 Quoniam
2443 3125 2655 3217 itaque
2693 3126 3046 3204 commisse

791 3240 1203 3312 sollicitudini
1249 3255 1466 3310 nostre
1501 3239 1832 3330 dignitatis
1870 3239 2149 3311 officium
2194 3264 2312 3311 nos
2344 3242 2569 3311 invitat
2597 3254 2664 3313 et
2710 3256 3044 3313 ammonet

791 3370 852 3424 ut
886 3354 1028 3424 lites
1068 3370 1396 3444 amputare
1419 3367 1484 3424 et
1521 3354 2048 3423 controversandi
2077 3353 2404 3426 materiam
2434 3357 2513 3426 de
2541 3356 2753 3426 medio
2785 3357 3044 3425 studea-

791 3492 934 3538 mus
994 3471 1243 3548 tollere,
1304 3467 1521 3559 predic
1530 3483 1656 3537 tam
1700 3466 2267 3591 compositionem,
2317 3470 2489 3539 sicut
2540 3467 2605 3538 in
2661 3468 3046 3540 venerabilis

792 3554 964 3685 fragis
1002 3582 1198 3650 nostri
1230 3573 1705 3651 Aurelianensis
1737 3579 2025 3671 episcopi
2063 3596 2123 3651 et
2155 3582 2445 3670 ejusdem
2488 3581 2748 3672 capituli
2800 3581 3042 3673 scripto

788 3694 1152 3765 auctentico
1190 3693 1503 3766 contineri
1545 3693 1924 3779 dinoscitur,
1972 3697 2453 3776 confirmamus
2513 3709 2577 3765 et
2606 3710 2672 3765 ut
2706 3694 2769 3764 in
2814 3719 3038 3787 perpe-

789 3826 967 3880 tuum
1008 3813 1202 3879 robur
1239 3808 1548 3890 obtineat,
1602 3808 1796 3898 'sigilli
1853 3807 2056 3878 nostri
2116 3808 2499 3880 auctoritate
2530 3809 3032 3881 communimus,

789 3929 1154 3994 Statuentes
1207 3939 1269 3992 ut
1336 3925 1549 3991 nullus
1606 3922 1871 3991 omnino
1933 3937 2156 3992 contra
2191 3925 2376 3992 ‘hanc
2428 3938 2646 3996 nostre
2698 3928 3038 3995 confirma·

788 4037 979 4108 tionis
1013 4036 1305 4128 paginam
1351 4035 1686 4107 temerario
1727 4060 1887 4106 ausu
1930 4036 2146 4108 venire
2179 4053 2535 4128 presumat,
2585 4061 2793 4129 neque
2829 4038 3031 4130 ipsam

786 4152 1152 4223 rescindere
1196 4155 1287 4221 vel
1333 4166 1576 4221 mutare
1618 4151 1983 4221 inconsulta
2012 4150 2366 4222 temeritate
2408 4165 2770 4243 attemptet.

857 4510 870 4542 ¹
901 4512 1057 4565 Cette
1083 4511 1271 4565 charte
1306 4518 1389 4566 est
1418 4514 1468 4566 la
1493 4513 1878 4568 confirmation
1909 4514 1976 4568 de
2007 4515 2163 4570 l'acte
2195 4517 2424 4573 suivant
2451 4517 2568 4586 (ch.
2602 4518 2776 4588 XIV),
2813 4517 2936 4572 date
2966 4518 3036 4574 de

785 4600 937 4655 1171.
971 4599 1195 4656 D'autre
1227 4607 1365 4670 part,
1408 4601 1726 4658 Guillaume
1758 4604 1805 4658 11
1837 4603 1906 4658 de
1941 4605 2293 4676 Champagne
2333 4624 2403 4661 ne
2455 4607 2539 4662 fut
2580 4609 2931 4682 archeveque
2954 4608 3023 4663 de

786 4691 924 4745 Sens
952 4705 1062 4762 que
1098 4691 1361 4763 jusqu’en
1391 4690 1579 4745 1176:
