3485 5571
1778 663 2095 727 -36-

1839 960 2030 1022 XVlll

1857 1190 1887 1251 t
1902 1187 2013 1249 171

814 1394 1158 1454 Vidimation
1186 1400 1242 1451 et
1264 1393 1653 1451 confirmation
1681 1392 1752 1448 de
1775 1393 1934 1449 Paete
1976 1391 2274 1464 precedent
2302 1407 2406 1464 par
2429 1390 2679 1460 Etienne,
2710 1392 3055 1464 archeveque

888 1493 957 1550 de
983 1494 1255 1562 Bourges.

1547 1638 1741 1711 (Copie
1765 1637 1835 1693 de
1863 1637 2087 1709 Baluze‚
2118 1652 2174 1710 p.
2205 1636 2321 1706 96.)

908 1882 1296 1957 Pontificalis
1344 1881 1796 1955 sollicitudinis
1855 1880 2072 1954 debito
2135 1906 2623 1955 commonemur
2683 1898 2751 1955 ut
2780 1907 2882 1968 ea,
2914 1909 3055 1976 quae

813 1996 881 2070 in
908 2015 1126 2072 nostra
1169 2012 1616 2070 nostrorumve
1667 2010 2154 2069 antecessorum
2198 1999 2537 2089 praesentia
2591 1998 3064 2090 compositione

818 2115 914 2186 vel
947 2112 1193 2204 judicio
1264 2125 1416 2184 sunt
1470 2112 1813 2183 terminata
1875 2124 1940 2183 et
1992 2114 2393 2198 confirmata,
2459 2126 2691 2184 nostrae
2753 2112 3058 2184 tuicionis

818 2227 1174 2299 munimine
1206 2228 1610 2298 roboremus.
1644 2229 1993 2317 Eapropter
2022 2248 2145 2317 ego
2187 2229 2576 2318 Stephanus,
2612 2249 2727 2319 per
2762 2227 2876 2299 Dei
2922 2250 3072 2319 pro-

819 2340 1163 2413 videntiam
1207 2339 1627 2412 Bituricencis
1666 2338 2219 2431 archiepiscopus,
2264 2354 2390 2411 tam
2432 2340 2843 2432 praesentium
2875 2364 3067 2432 quam

822 2458 1178 2525 futurorum
1243 2452 1498 2525 noticiae
1555 2456 1806 2525 tradere
1869 2457 2166 2525 volumus
2226 2456 2398 2545 quod
2445 2453 2740 2527 canonici
2778 2452 3071 2526 Aurelia-

822 2589 1062 2640 nenses
1101 2590 1220 2638 nos
1260 2570 1420 2640 satis
1475 2568 1800 2640 humiliter
1839 2591 1914 2640 ac
1971 2570 2198 2640 devote
2239 2572 2745 2660 postulaverunt,
2788 2582 2860 2640 ut
2899 2591 3076 2641 com-

823 2679 1211 2774 positionem
1250 2706 1392 2773 quae
1432 2680 1599 2753 inter
1627 2681 1804 2774 ipsos
1862 2696 1922 2754 et
1989 2682 2362 2753 Rainaldum
2420 2686 2500 2754 de
2536 2681 2833 2754 Craciaco
2881 2705 3076 2774 super

826 2794 1207 2886 quibusdam
1261 2794 1840 2868 consuetudinibus
1911 2819 2073 2888 quas
2140 2796 2307 2867 idem
2378 2796 2723 2868 Rainaldus
2787 2795 2851 2867 in
2906 2811 3076 2868 terra

828 2915 1077 2980 Sanctae
1118 2908 1340 2980 Crucis
1395 2913 1474 2982 de
1528 2909 1796 2982 Maziaco
1845 2910 2234 3002 requirebat,
2277 2910 2599 2983 mediante
2654 2915 2840 2982 Petro
2883 2913 3073 2983 bonae

830 3023 1155 3095 memoriae
1218 3028 1694 3116 praedecessore
1772 3040 2021 3108 nostro,
2092 3029 2255 3098 lacta
2335 3040 2493 3117 erat,
2566 3038 2632 3097 et
2701 3027 2780 3096 ab
2840 3027 3077 3095 eodem

832 3136 1134 3210 Rainaldo
1209 3144 1326 3209 sub
1402 3141 1715 3230 religione
1774 3138 2192 3230 jurisjurandi
2248 3143 2520 3223 firmata,
2596 3152 2662 3211 et
2729 3138 3078 3230 apostolici

834 3246 1146 3339 privilegii
1190 3249 1235 3334 ¹,
1288 3252 1460 3341 quod
1531 3249 1867 3322 obtutibus
1942 3250 2182 3322 nostris
2255 3252 2649 3336 obtulerunt,
2725 3248 3082 3321 munimine

833 3365 1264 3446 corroborata,
1353 3367 1905 3436 confirmaremus.
1993 3362 2493 3456 Compositionis
2565 3376 2778 3434 autem
2866 3376 3076 3449 tenor,

835 3474 999 3545 sicut
1037 3474 1098 3545 in
1136 3476 1458 3548 autentico
1491 3479 1730 3570 scripto
1787 3478 2028 3570 prael'ati
2085 3480 2522 3551 antecessoris
2554 3478 2759 3548 nostri
2807 3476 3082 3569 propriis

835 3588 1039 3659 oculis
1080 3588 1494 3680 inspeximuS,
1533 3591 1676 3662 talis
1714 3609 1848 3664 erat
1879 3617 1894 3661 ε
1938 3595 2079 3684 qu
2115 3603 2378 3677 Petrus,
2406 3617 2525 3685 per
2563 3594 2686 3663 Dei
2717 3592 3082 3662 misericor-

835 3705 1015 3773 diam
1067 3707 1501 3776 Bituricensis
1565 3709 1834 3778 ecelesiae
1906 3709 2436 3800 archiepiscopus,
2496 3718 2665 3778 eto...
2746 3717 2806 3776 et
2865 3708 3087 3797 siqilli

833 3821 1043 3888 nostri
1072 3820 1487 3911 impressione
1529 3824 1942 3910 firmavimus
1968 3822 2017 3891 2.
2058 3825 2186 3893 Nos
2233 3821 2468 3912 itique,
2504 3820 2745 3912 prael'ati
2785 3835 3082 3891 anteces-

836 3929 1001 4002 soris
1032 3932 1233 4002 nostri
1270 3932 1532 4024 vestigia
1587 3947 1966 4025 sequentes,
2008 3949 2072 4005 et
2127 3934 2535 4007 devotionem
2576 3957 2765 4025 quam
2807 3932 3081 4005 ecclesia

839 4044 1311 4117 Aurelianensis
1366 4070 1512 4138 erga
1543 4061 1830 4119 nostram
1885 4063 1952 4120 et
2025 4071 2146 4120 nos
2199 4048 2377 4140 ipsos
2450 4051 2685 4120 habere
2723 4047 3082 4119 dinoscitur

835 4160 1267 4246 attendentes,
1312 4182 1562 4231 necnon
1595 4176 1659 4232 et
1695 4159 2032 4253 aspotolici
2074 4159 2382 4254 privilegii
2422 4161 2777 4234 munimine
2807 4159 3075 4244 suffulti,

832 4272 1366 4363 compositionem
1425 4273 1920 4366 suprascriptam
1969 4279 2453 4362 confirmamuS,
2514 4289 2579 4347 et
2618 4275 2809 4367 sigilli
2874 4275 3076 4346 nostri

895 4589 913 4622 ¹
946 4586 1048 4642 Ch.
1091 4587 1263 4644 XXX.

892 4676 916 4710 ²
935 4679 1033 4733 Ch.
1082 4679 1252 4746 XVII,
1285 4695 1417 4734 avec
1452 4679 1533 4734 les
1558 4681 1747 4747 lec-ons
1777 4680 2027 4736 dormies
2056 4698 2126 4737 en
2156 4687 2305 4737 note.
