3485 5571
1379 681 1610 746 -281
1671 716 1735 727 -

419 808 602 880 dicta
643 807 833 880 etiam
899 811 1190 880 lobanna
1259 812 1338 879 de
1413 811 1742 880 Exolduno
1817 809 2249 882 venditionem
2299 811 2678 902 premissam

414 936 629 993 ratam
670 925 914 994 babens
947 935 1012 993 et
1036 924 1160 993 fide
1187 924 1393 993 media
1423 926 1790 995 concedens
1815 923 2118 1015 quicquid
2155 924 2313 1017 juris
2337 925 2401 996 in
2433 925 2678 998 eisdem

411 1036 697 1109 decimis
723 1039 983 1109 nomine
1033 1036 1315 1108 dotalicii
1357 1060 1472 1108 seu
1525 1060 1931 1130 quocumque
1977 1038 2100 1110 alio
2154 1042 2347 1112 modo
2405 1042 2682 1112 habebat

412 1152 724 1244 quittavit
785 1151 849 1221 in
910 1167 1293 1244 perpetuum
1348 1166 1414 1223 et
1472 1152 1744 1224 remisit.
1800 1157 1892 1225 De
1954 1152 2425 1245 guarandienda
2466 1154 2678 1247 itaque

433 1268 814 1342 venditione
839 1268 1298 1361 premissarum
1325 1268 1717 1341 decimarum
1741 1292 1889 1362 erga
1912 1270 2316 1362 supradictos
2364 1273 2678 1344 decanum

429 1398 501 1457 et
565 1386 917 1476 capitulum
981 1383 1226 1476 plegios
1288 1385 1502 1456 dictus
1561 1387 1883 1456 Borrellus
1933 1383 2339 1477 interposuit,
2388 1384 2681 1459 videlicet

433 1497 849 1570 Hamericum
881 1500 962 1570 de
990 1496 1265 1570 Buiseau
1305 1509 1369 1570 et
1409 1501 1754 1570 Henricum
1784 1500 1863 1571 de
1891 1499 2221 1584 Marvilier,
2263 1498 2530 1585 milites,
2566 1500 2674 1590 qui

422 1636 552 1706 per
614 1616 805 1685 fidem
883 1612 1333 1705 interpositam
1385 1612 1820 1705 promiserunt
1874 1616 2043 1704 quod
2085 1615 2140 1684 si
2206 1637 2329 1705 qua
2373 1617 2674 1707 dampna,

409 1725 768 1819 dispendia
798 1730 895 1799 vel
923 1749 1236 1818 expensas
1280 1750 1394 1819 pro
1428 1729 1686 1799 defectu
1719 1726 2109 1818 guarentisie
2133 1730 2210 1800 ad
2241 1751 2398 1799 usus
2436 1740 2501 1799 et
2524 1751 2676 1800 con-

417 1838 812 1912 suetudines
886 1838 1376 1911 Aurelianenses
1462 1839 1755 1911 faciende
1812 1841 2096 1911 decanus
2178 1853 2243 1913 et
2325 1839 2673 1932 capitulum

419 1954 923 2026 Aurelianenses
957 1953 1358 2026 incurrerent
1385 1977 1581 2046 super
1621 1952 1892 2025 decimis
1931 1953 2326 2039 memorati8‚
2361 1953 2480 2046 ipsi
2512 1953 2673 2027 inlra

407 2068 812 2160 quindenam
858 2082 1196 2160 postquam
1254 2083 1474 2140 essent
1529 2067 1826 2160 requisiti
1892 2067 2248 2140 Aurelianis
2305 2071 2671 2161 captionem

407 2196 740 2265 tenerent,
776 2182 925 2254 inde
963 2187 1328 2255 nullatenus
1376 2182 1694 2254 recessuri
1736 2186 1946 2255 donec
1979 2185 2059 2255 de
2098 2182 2421 2274 dampniS,
2455 2206 2673 2275 grava·

409 2296 708 2368 minibus
747 2312 810 2369 et
849 2296 1149 2389 expensis
1197 2311 1372 2368 esset
1410 2296 1654 2369 eisdem
1692 2299 1938 2369 decano
1979 2311 2044 2368 et
2071 2296 2349 2389 capitulo
2389 2296 2672 2388 plenarie

414 2429 485 2485 et
517 2415 770 2504 integre
801 2410 1225 2483 satisfactum.
1274 2414 1362 2482 Ad
1403 2413 1527 2482 hoc
1554 2414 1835 2502 prefatus
1871 2413 2012 2482 Odo
2054 2410 2313 2483 Borrelli
2346 2413 2411 2481 in
2446 2435 2673 2504 perpe·

407 2541 594 2598 tuam
652 2524 1070 2597 elemosinam
1137 2524 1313 2595 dedit
1374 2539 1439 2595 et
1492 2524 1819 2596 concessit
1882 2523 2158 2596 ecclesie
2225 2524 2666 2597 Aurelianensi

408 2665 618 2714 unum
650 2638 975 2712 hominem
1021 2645 1035 2676 ¹
1078 2641 1157 2711 de
1196 2663 1463 2731 corpore
1502 2653 1566 2711 et
1608 2662 1866 2712 uxorem
1905 2642 2046 2731 ejus
2075 2663 2223 2711 cum
2258 2662 2480 2711 eorum
2525 2639 2669 2711 liliis

406 2779 485 2829 ac
520 2753 779 2827 familiis
819 2775 1070 2827 necnon
1113 2776 1260 2826 cum
1301 2751 1585 2826 teneuris
1615 2769 1679 2827 et
1704 2752 2230 2847 possessionibus
2267 2757 2664 2839 eorumdem,

407 2886 476 2944 et
512 2873 786 2961 insuper
836 2872 964 2941 duo
998 2884 1260 2960 arpenta
1320 2883 1487 2940 terre
1530 2883 1717 2961 prout
1772 2873 1889 2939 bec
1936 2868 2149 2941 omnia
2199 2892 2232 2940 a
2273 2868 2508 2940 dilecto
2539 2868 2668 2940 tilio

405 2987 615 3055 Adam
678 2987 911 3064 Brenn,
957 2982 1393 3053 Aurelianensi
1433 2982 1913 3069 archidiacono,
1993 2987 2245 3053 fuerunt
2308 2982 2660 3074 assignata,

403 3120 539 3189 que
579 3096 791 3167 omnia
852 3099 930 3168 ad
983 3100 1286 3189 prelatam
1328 3099 1668 3168 ecclesiam
1715 3100 1906 3188 pleno
1938 3099 2082 3188 jure
2125 3119 2272 3166 cum
2313 3095 2487 3167 omni
2530 3096 2661 3167 dis-

407 3212 611 3284 trictu
677 3227 741 3283 et
793 3211 1266 3284 consuetudine
1327 3235 1401 3283 ac
1455 3210 1738 3302 justicia,
1798 3210 1966 3281 sicut
2005 3210 2218 3282 dictus
2258 3211 2399 3281 Odo
2437 3213 2664 3282 eadem

409 3327 817 3420 possidebat,
864 3326 926 3396 in
982 3341 1359 3418 perpetuum
1428 3327 1865 3417 pertinebunt,
1909 3324 1974 3394 in
2013 3323 2247 3415 quibus
2313 3324 2483 3395 idem
2524 3327 2666 3396 Odo

410 3445 515 3513 vel
544 3443 818 3511 heredes
857 3443 997 3531 ejus
1032 3438 1227 3514 nichil
1287 3440 1449 3531 juris
1514 3442 1593 3510 de
1647 3454 1865 3511 cetero
1906 3452 2204 3530 poterunt
2235 3440 2581 3510 reclamare
2603 3441 2658 3508 ὓ.

410 3561 624 3641 Quam
675 3554 1085 3625 donationem
1117 3568 1180 3624 et
1223 3552 1643 3624 elemosinam
1705 3552 2070 3645 supradicta
2110 3551 2467 3644 Margarita,
2513 3576 2666 3623 uxor

410 3667 626 3760 ipsius
654 3665 921 3753 Odonis,
955 3681 1021 3738 et
1052 3666 1272 3758 prelati
1305 3667 1414 3736 filii
1441 3669 1814 3739 eorumdem
1844 3689 2057 3738 coram
2081 3669 2272 3737 nobis
2300 3669 2659 3749 voluerunt,

409 3798 476 3854 et
516 3782 657 3874 ipsa
692 3780 1015 3872 Margarita
1058 3783 1181 3852 fide
1216 3779 1424 3852 media
1458 3779 1804 3852 liberaliter
1829 3779 2225 3873 approbavit.
2275 3783 2430 3851 Cum
2474 3779 2666 3871 igitur

410 3893 784 3986 supradicte
831 3893 1081 3966 decime
1123 3897 1201 3965 de
1263 3897 1452 3965 leodo
1507 3894 1723 3965 dilecti
1779 3895 1890 3964 tilii
1929 3897 2174 3981 Garini,
2232 3893 2662 3965 archidiaconi

412 4009 765 4101 Sigalonie,
812 4023 1167 4091 moverent,
1217 4009 1386 4080 idem
1448 4008 1945 4080 archidiaconus
2008 4012 2314 4100 prefatam
2357 4007 2665 4079 venditio·

346 4143 355 4152 ·
411 4146 563 4197 nem
596 4122 767 4195 sicut
790 4122 1089 4214 superius
1128 4123 1496 4194 continetur
1512 4145 1726 4194 coram
1760 4126 1953 4194 nobis
1986 4126 2186 4194 voluit
2216 4139 2280 4194 et
2309 4121 2657 4194 concessit.

488 4441 506 4474 ¹
547 4437 639 4494 Cet
668 4440 898 4494 homme
926 4454 987 4492 se
1012 4437 1282 4492 nommait
1312 4438 1633 4493 Guillaume
1662 4438 1912 4495 Gauche.
1942 4439 2009 4493 V.
2045 4438 2132 4493 ch.
2176 4437 2414 4494 CXCIV.

475 4728 532 4791 b)
564 4726 633 4778 v.
664 4729 753 4780 ch.
781 4727 1013 4781 cxcvn
