3485 5571
1757 644 2114 719 —512-

809 800 1020 869 netur,
1056 807 1132 857 ac
1171 783 1569 858 venerabiles
1600 785 1714 854 viri
1747 784 2096 876 capitulum
2146 787 2437 877 ejusdem
2465 784 2744 856 ecclesie
2775 783 3066 854 Aurelia-

812 902 1062 984 nensis,
1124 898 1189 970 in
1247 912 1555 991 quantum
1621 921 1737 970 eos
1796 902 2121 989 tangebat,
2178 897 2589 992 appellationi
2657 896 3070 969 adhesissem

810 1014 1045 1097 eidem,
1088 1027 1275 1105 prout
1313 1014 1377 1084 in
1418 1011 1844 1105 appellatione
1882 1011 2250 1084 continetur
2289 1012 2599 1105 predicta,
2643 1025 2710 1083 et
2752 1013 3068 1103 prefatum

811 1127 1184 1220 capitulum,
1229 1149 1445 1200 coram
1483 1125 1627 1218 ipso
1665 1130 2253 1257 reverendorpatrffi
2284 1138 2840 1219 conquererentur
2860 1128 3068 1215 quoad

814 1265 1080 1334 presens
1118 1256 1182 1313 et
1212 1244 1292 1313 de
1323 1240 1464 1333 ipso
1498 1241 1835 1333 episcopo,
1874 1244 2202 1341 proAquod
2256 1241 2424 1313 idem
2461 1241 2854 1312 reverendus
2895 1252 3073 1330 pater

810 1360 907 1429 vel
948 1370 1175 1449 gentes
1213 1355 1423 1448 ipsius
1467 1356 1790 1447 Egidium‚
1850 1368 2166 1428 rectorem
2227 1358 2308 1427 de
2357 1353 2727 1446 Baigniaco‚
2785 1355 3071 1425 Aurelia-

812 1470 1034 1543 nensis
1072 1470 1351 1542 diocesis
1394 1468 1845 1560 presbiterum,
1882 1484 1946 1541 et
2006 1468 2367 1562 Philippum
2395 1472 2638 1540 dictum
2681 1471 2762 1538 de.
2796 1466 3073 1539 Audien-

812 1585 921 1670 tia,
960 1584 1291 1666 clericum,
1324 1584 1675 1656 existentes
1699 1587 1783 1655 de
1811 1586 2009 1655 choro
2037 1599 2103 1654 et
2133 1581 2591 1674 jurisdictione
2629 1581 2896 1673 capituli
2928 1604 3068 1673 pre-

814 1699 962 1770 dicti
1026 1697 1196 1770 etin
1260 1722 1422 1789 quos
1480 1699 1907 1790 presbiterum
1970 1710 2035 1769 et
2088 1698 2394 1769 clericum
2462 1700 2786 1768 habebant
2845 1694 3062 1794 §idem

813 1817 1187 1906 capitulum,
1222 1828 1287 1884 ut
1334 1813 1658 1897 dicebant,
1693 1812 2129 1885 omnimodam
2163 1811 2711 1904 jurisdictionem,
2754 1823 3059 1902 ceperant

815 1948 930 1995 seu
961 1921 1098 2015 capi
1133 1928 1414 1994 fecerant
1470 1934 1537 1993 et
1576 1922 1817 1994 carceri
1867 1922 2242 2014 mancipari,
2284 1922 2347 1993 in
2396 1924 2822 2016 prejudicium
2865 1922 3060 2015 ipsius

814 2037 1073 2130 capituli
1115 2051 1181 2107 ut
1219 2035 1451 2108 dicitur
1504 2051 1568 2108 et
1617 2036 2059 2128 jurisdicionis
2110 2036 2425 2128 ipsorum,
2477 2036 2784 2109 videlicet
2824 2036 3057 2109 dictum

814 2165 1128 2223 rectorem
1185 2149 1462 2223 ecclesie
1525 2154 1604 2222 de
1660 2150 2001 2243 Baigniaco
2061 2175 2175 2243 pro
2227 2175 2307 2224 eo
2381 2155 2552 2243 quod
2617 2152 3060 2244 imponebatur

814 2266 1022 2338 eidem
1060 2267 1294 2337 rectori
1335 2268 1613 2337 eundem
1645 2265 1871 2336 furtive
1923 2264 2324 2358 supripuisse
2371 2270 2685 2357 quosdam
2738 2289 2969 2338 cereos
3003 2280 3059 2337 et

816 2381 1013 2452 libros
1051 2383 1131 2452 de
1160 2382 1437 2452 ecclesia
1468 2403 1581 2452 sua
1620 2384 1702 2451 de
1732 2382 2053 2471 Bagniaco
2091 2379 2400 2471 predicta,
2437 2396 2501 2453 et
2548 2380 2793 2452 dictum
2838 2379 3064 2472 Philip-

817 2518 969 2586 pum
1009 2497 1088 2566 de
1127 2493 1462 2565 Audientia
1502 2517 1615 2586 pro
1671 2517 1751 2566 eo
1785 2498 1955 2585 quod
2009 2497 2319 2586 quasdam
2362 2494 2602 2566 litteras
2661 2494 3062 2584 exequtorias

817 2607 1027 2700 sigillo
1067 2607 1541 2681 Aurelianensis
1567 2606 1742 2680 curie
1774 2608 2083 2699 sigillatas
2107 2607 2363 2701 rupisse
2396 2609 2753 2681 dicebatur.
2784 2611 3060 2680 Tandem

818 2745 931 2816 pro
972 2726 1142 2795 bono
1174 2721 1348 2815 pacis
1380 2721 1549 2794 idem
1589 2722 1891 2810 dominus
1925 2722 2272 2816 episcopus
2308 2725 2509 2795 voluit
2547 2736 2611 2796 et
2632 2725 2966 2796 concessit
2995 2745 3063 2794 ac

819 2835 1114 2928 promisit
1142 2839 1308 2906 bona
1354 2839 1474 2907 lide
1531 2859 1726 2928 super
1764 2835 2180 2927 expedicione
2220 2851 2284 2908 et
2336 2837 2728 2910 liberacione
2778 2836 3060 2927 ipsorum

821 2950 1154 3043 presbiteri
1213 2966 1277 3021 et
1320 2949 1538 3021 clerici
1586 2966 1756 3022 stare
1813 2950 2210 3024 ordinacioni
2266 2951 2726 3024 venerabilium
2791 2950 3059 3037 virorum

819 3065 1228 3136 dominorum
1273 3063 1622 3136 subdecani
1672 3081 1735 3135 et
1782 3065 2078 3155 capicerii
2138 3066 2598 3156 predictorum,
2638 3079 2707 3136 et
2744 3080 2968 3137 tenere
2995 3088 3059 3136 ac

819 3182 1158 3251 observare
1197 3178 1501 3270 quicquid
1536 3177 1656 3270 ipsi
1683 3178 1928 3248 domini
1961 3183 2370 3252 subdecanus
2392 3194 2456 3252 et
2488 3178 2849 3270 capicerius
2881 3202 3061 3271 super

821 3292 1189 3384 hujusmodi
1233 3292 1491 3364 casibus
1529 3295 1782 3364 duobus
1830 3296 2140 3366 ducerent
2177 3294 2632 3378 ordinandum,
2675 3309 2867 3384 prout
2904 3293 3058 3365 idem

820 3409 1209 3480 reverendus
1245 3422 1422 3499 pater
1450 3411 1792 3478 confessus
1829 3410 1946 3477 luit
1984 3422 2044 3478 et
2093 3408 2368 3479 asseruit
2407 3431 2620 3479 coram
2670 3431 2774 3479 me
2817 3407 3058 3500 publico

822 3521 1070 3592 notario
1107 3536 1172 3592 et
1210 3523 1486 3592 testibus
1516 3520 1971 3613 infrascriptis.
2021 3521 2441 3593 Confessione
2492 3522 2867 3612 hujusmodi
2904 3523 3055 3593 facta

822 3650 886 3708 et
924 3633 1210 3717 recitata,
1250 3635 1459 3704 dictus
1489 3637 1925 3718 subdecanu8‚
1951 3634 2088 3705 vice
2126 3658 2200 3706 ac
2225 3634 2483 3707 nomine
2529 3633 2736 3725 ipsius
2771 3634 3054 3728 capicerii

821 3764 887 3822 et
914 3772 1052 3834 sua,
1088 3770 1343 3819 omnem
1376 3746 1845 3819 ordinationem
1878 3750 2246 3838 hujusmodi
2272 3747 2334 3817 in
2359 3771 2431 3819 se
2457 3762 2764 3839 suscepto
2792 3771 3063 3840 pronun·

823 3862 1010 3936 ciavit
1062 3884 1173 3953 per
1220 3860 1686 3932 ordinationem
1740 3884 1923 3933 suam
1965 3860 2317 3951 predictam
2376 3864 2590 3933 dictos
2650 3876 2969 3934 rectorem
3005 3875 3064 3931 et

825 3976 1190 4067 Philippum
1224 3977 1302 4046 de
1333 3973 1664 4045 Audientia
1697 3978 1777 4046 de
1808 3973 2227 4066 jurisdicione
2262 3973 2466 4068 ipsius
2508 3976 2774 4066 capituli
2804 3975 3065 4050 existere

824 4104 888 4162 et
928 4113 1040 4182 per
1076 4103 1301 4181 gentes
1333 4090 1624 4178 eiusdem
1666 4089 1912 4159 domini
1942 4088 2229 4182 episcopi
2262 4088 2498 4181 injuste
2524 4102 2749 4181 captos
2776 4089 2974 4162 luisse
2998 4111 3066 4164 ac

828 4228 940 4297 per
967 4227 1077 4275 eas
1115 4204 1403 4274 indebite
1435 4203 1631 4274 fuisse
1668 4206 1968 4275 detentos
2007 4217 2071 4275 et
2109 4203 2171 4275 in
2211 4202 2631 4295 prejudicium
2671 4205 2879 4296 ipsius
2904 4202 3068 4295 capi-

828 4317 941 4390 tuli
980 4342 1053 4389 ac
1073 4317 1513 4409 jurisdicionis
1553 4320 1871 4408 ejusdem,
1897 4320 2290 4409 eosdemque
2329 4332 2644 4390 rectorem
2676 4333 2741 4389 et
2767 4318 3066 4390 clericum

829 4431 1260 4504 restituendos
1319 4453 1465 4502 esse
1529 4430 1959 4522 justiciandos
2037 4455 2151 4524 per
2220 4431 2568 4524 capitulum
2646 4433 3060 4517 antedictum,

828 4571 1078 4619 necnon
1119 4561 1183 4619 et
1220 4550 1531 4639 quosdam
1561 4549 1998 4638 fidejussores,
2034 4550 2218 4619 datos
2270 4571 2304 4618 a
2361 4551 2536 4621 dicto
2587 4547 2879 4639 Philippo
2924 4571 3066 4639 gen-

830 4660 1002 4733 tibus
1038 4659 1241 4753 ipsius
1270 4660 1512 4733 domini
1543 4661 1834 4753 episcopi
1883 4664 2227 4735 occasione
2273 4660 2491 4744 delicti
2528 4661 2742 4734 eidem
2781 4663 3064 4752 Philippo
