3485 5571
1788 618 2145 683 —208—

844 744 1066 818 Crucis
1103 744 1581 819 Aurelianensis
1610 768 1734 818 nec
1788 767 2164 838 campsores
2226 768 2376 818 eum
2434 747 2516 817 de
2558 758 2784 818 cetero
2856 756 3142 837 possent

842 860 1186 933 convenire
1223 863 1380 953 quin
1437 883 1549 933 eos
1585 863 1869 932 traheret
1918 862 1999 931 ad
2040 860 2495 932 cambiendum
2535 860 2975 950 ubicumque
3014 860 3141 928 vel-

814 977 952 1046 .let.
1017 979 1242 1047 Actum
1302 977 1470 1067 apud
1526 977 1873 1067 Capellam,
1924 996 2093 1045 anno
2146 974 2347 1067 gratie
2385 977 2463 1044 Μ·
2530 976 2683 1057 CC·,
2745 972 2968 1065 regni
3042 972 3144 1042 sui

847 1091 1087 1159 XX·11·.
1153 1090 1338 1175 Quod
1398 1102 1469 1159 ut
1533 1102 1912 1181 perpetuum
1974 1091 2168 1159 robur
2246 1087 2557 1171 obtineat,
2633 1086 2843 1179 sigilli
2925 1085 3143 1157 nostri

859 1201 1215 1276 munimine
1240 1200 1509 1274 fecimus
1533 1201 1853 1275 roborari.

1835 1591 2075 1655 CXXVJ

1891 1867 2047 1932 1201

855 2123 1106 2194 Hugues‚
1137 2120 1349 2192 eveque
1377 2118 1693 2189 d’Orldans,
1726 2118 1962 2174 accorde
1990 2135 2062 2174 au
2089 2118 2347 2190 chapitre
2371 2119 2453 2174 les
2482 2117 2760 2175 oblations
2788 2124 2848 2175 et
2879 2132 3143 2174 menues

923 2217 1105 2272 dlmes
1134 2215 1204 2272 de
1233 2215 1794 2275 Nouan-le-Fuzelier
1835 2214 2136 2287 posseddes
2167 2215 2562 2271 actuellement
2591 2230 2664 2270 ou
2693 2214 2834 2271 dans
2887 2214 3141 2270 l’avenir

921 2329 1027 2385 par
1055 2313 1090 2367 J
1096 2328 1224 2381 ean,
1246 2295 1593 2368 archidiacre
1621 2312 1693 2367 de
1725 2310 1900 2382 Sully,
1934 2326 2004 2367 eu
2025 2312 2274 2382 §change
2305 2311 2404 2366 des
2422 2312 2664 2367 services
2687 2312 2993 2381 religieux
3026 2323 3142 2380 que

924 2425 988 2464 ce
1017 2407 1246 2464 dernier
1273 2409 1623 2464 ordonnera.

1371 2580 1551 2653 (Orig.
1579 2596 1627 2637 s.
1655 2580 1874 2652 par-ch„
1907 2580 2078 2636 Arch.
2111 2579 2326 2649 Loiret‚
2356 2578 2423 2634 G.
2455 2578 2590 2650 356)

945 2824 1151 2913 Hugo,
1183 2820 1298 2893 Dei
1325 2818 1527 2912 gratia
1564 2818 2040 2891 Aurelianensis
2077 2817 2448 2913 episcopus,
2490 2816 2793 2890 omnibus
2831 2812 2917 2890 ad
2952 2837 3127 2909 quos

856 2950 1194 3028 presentes
1254 2933 1464 3007 littere
1504 2934 1910 3027 pervenerint
1969 2934 2033 3003 in
2092 2947 2494 3026 perpetuum.
2537 2937 2770 3005 Notum
2829 2934 3122 3004 facimus

852 3049 1263 3143 presentibus
1301 3061 1367 3119 et
1424 3047 1651 3119 futuris
1690 3050 1862 3139 quod
1916 3047 2223 3139 quicquid
2263 3048 2669 3119 oblacionum
2730 3061 2797 3120 et
2843 3045 3129 3117 minuta-

853 3186 993 3233 rum
1063 3161 1458 3234 decimarum
1524 3160 1801 3233 dilectus
1866 3160 2389 3253 consanguineus
2460 3173 2682 3233 noster
2746 3163 3109 3243 lohannes,

854 3275 1334 3348 Aurelianensis
1373 3277 1652 3349 ecclesie
1681 3272 2075 3347 Soliacensis
2105 3275 2626 3360 archidiaconuS‚
2671 3273 2735 3345 in
2772 3271 3116 3367 parrochia

851 3394 933 3462 de
969 3390 1263 3475 Noemio‚
1306 3391 1369 3462 in
1424 3390 1947 3463 archidiaconatu
1988 3413 2132 3477 suo,
2176 3389 2598 3462 coustitutum
2661 3386 3015 3481 acquisivit
3052 3397 3115 3457 et

851 3504 1156 3598 quicquid
1195 3505 1431 3578 ibidem
1482 3503 1852 3597 acquisierit
1891 3504 1955 3575 iu
1987 3508 2296 3591 futurum,
2348 3506 2428 3575 ad
2464 3527 2690 3596 preces
2729 3518 2793 3575 et
2832 3500 3103 3597 peticio-

852 3641 1000 3691 nem
1056 3618 1263 3711 ipsius
1315 3621 1624 3691 lobannis
1663 3618 1940 3691 ecclesie
2000 3617 2325 3690 salutifere
2364 3621 2591 3689 Crucis
2630 3611 3111 3689 Aurelianensis

851 3734 1275 3806 concedimus
1327 3732 1828 3806 irrevocabiliter
1866 3747 1930 3805 et
1971 3732 2235 3825 pacifice
2279 3747 2589 3825 perpetuo
2641 3730 3105 3825 possidendum

851 3850 931 3920 ad
993 3846 1203 3920 divina
1266 3846 1507 3919 ibidem
1578 3850 1965 3920 celebranda
2027 3860 2218 3939 prout
2266 3845 2405 3938 ipse
2468 3849 2795 3919 Johannes
2860 3840 3109 3918 duxerit

850 3960 1302 4035 ordinandum.
1364 3966 1550 4049 Quod
1588 3976 1656 4035 ut
1711 3975 1924 4034 ratum
1965 3975 2256 4034 teneatur
2309 3975 2374 4033 et
2413 3961 2641 4034 stabile
2701 3972 3092 4053 perseveret,

853 4091 1223 4172 presentem
1253 4078 1549 4171 paginam
1591 4076 1825 4149 litteris
1859 4091 2228 4150 annotatam
2260 4074 2450 4168 sigilli
2503 4075 2704 4148 nostri
2746 4076 3116 4148 munimine·

850 4193 1122 4266 fecimus
1159 4191 1547 4265 confirmari.
1573 4197 1797 4264 Actum
1828 4214 1998 4264 anuo
2024 4188 2495 4263 incarnacionis
2519 4189 2854 4264 Dominice
2893 4189 3100 4261 mille-

855 4308 1023 4380 simo
1072 4310 1172 4379 CC
1211 4305 1441 4400 primo.
