3485 5571
1346 616 1704 734 2443-

392 794 531 871 rius
556 794 920 870 medietatis
951 796 1122 869 dicte
1152 794 1402 869 decime
1429 809 1557 869 tam
1588 818 1822 887 magne
1861 819 2052 888 quam
2090 820 2309 888 parve,
2340 797 2404 869 in
2431 800 2648 883 blado,

390 913 567 993 vino,
612 926 676 983 et
715 913 909 983 rebus
947 909 1088 981 aliis
1115 913 1631 1002 quibuscumque
1669 910 2112 997 consistenti3‚
2148 926 2213 984 et
2237 911 2428 985 etiam
2468 914 2646 1004 quic-

387 1025 544 1117 quid
585 1028 752 1097 bone
790 1026 1098 1097 memorie
1135 1029 1487 1111 lohannes,
1533 1028 1855 1115 quondam
1902 1029 2185 1098 decanus
2238 1025 2650 1099 Aurelianen-

388 1138 506 1221 sis,
539 1160 617 1211 ex
654 1161 848 1211 causa
893 1136 1244 1230 emptionis
1282 1160 1394 1211 seu
1435 1137 1561 1211 alio
1594 1141 1788 1211 modo
1827 1136 1892 1209 in
1934 1141 2104 1210 dicta
2145 1139 2394 1212 decima
2424 1138 2650 1230 adqui-

386 1251 560 1327 sivit.
622 1258 763 1340 Que
834 1253 1050 1326 omnia
1104 1265 1365 1325 movent
1437 1255 1517 1324 de
1570 1255 1757 1325 feodo
1829 1265 2051 1323 nostro
2117 1268 2184 1325 et
2239 1252 2649 1345 episcopatus

386 1365 869 1441 Aurelianensis
927 1379 993 1438 et
1054 1369 1133 1439 ab
1187 1366 1638 1439 executoribus
1712 1366 2081 1439 testamenti
2145 1367 2299 1441 dicti
2359 1366 2647 1440 defuncti

385 1483 619 1553 decani
671 1483 1029 1555 secundum
1064 1483 1456 1554 voluntatem
1511 1479 1666 1553 dicti
1715 1480 1999 1554 defuncti
2039 1480 2316 1555 ecclesie
2368 1480 2649 1554 Aurelia-

383 1597 581 1670 nensi
605 1598 685 1667 ad
713 1598 1262 1686 agmentationem
1293 1592 1779 1668 distribucionis
1817 1598 2118 1668 horarum
2157 1594 2457 1668 dicuntur
2492 1618 2641 1669 esse

383 1713 648 1793 collata,
690 1724 754 1783 et
785 1708 1022 1782 dictam
1063 1707 1473 1782 medietatem
1515 1724 1578 1780 et
1626 1722 1869 1782 sextam
1911 1724 2153 1799 partem
2212 1712 2501 1802 predicte
2543 1713 2650 1782 de·

384 1827 561 1898 cirne
612 1839 676 1896 et
722 1822 1026 1915 quicquid
1075 1825 1290 1896 dictus
1329 1826 1615 1896 decanus
1653 1822 1717 1895 in
1773 1824 1943 1897 dicta
2004 1826 2254 1896 decima
2305 1823 2648 1914 acquisivit

382 1938 582 2012 dictis
643 1940 888 2013 decano
941 1951 1004 2009 et
1064 1939 1344 2029 capitulo
1383 1936 1931 2011 admortiticamus
1986 1951 2288 2028 tanquam
2340 1940 2645 2011 dominus

382 2052 683 2126 feodalis,
751 2057 818 2124 In
880 2055 1063 2143 cujus
1124 2051 1216 2123 rei
1266 2052 1642 2125 memoriam
1697 2067 1762 2123 et
1809 2051 2251 2127 testimonium
2308 2066 2646 2143 presentes

380 2169 640 2239 litteras
698 2166 943 2238 eisdem
993 2166 1290 2239 dedimus
1339 2166 1528 2257 sigilli
1589 2168 1793 2239 nostri
1852 2169 2215 2241 munimine
2279 2171 2638 2240 roboratas.

379 2287 621 2353 Datum
681 2303 850 2353 anno
913 2283 1171 2352 Domini
1249 2280 1592 2355 millesimo
1655 2280 2101 2353 ducentesimo
2164 2278 2642 2372 septuagesimo

382 2395 641 2487 quinto,
685 2394 787 2467 die
813 2394 985 2486 jovis
1024 2395 1087 2464 in
1130 2398 1298 2466 Cena
1339 2393 1621 2466 Domini.

1364 2733 1671 2795 CCCXXX

1155 2996 1232 3059 28
1272 2997 1656 3078 septembre
1711 2999 1870 3062 1276

448 3203 634 3257 Vento
663 3217 737 3257 au
766 3200 1018 3271 chapitre
1043 3199 1123 3254 du
1151 3197 1393 3253 dixieme
1422 3198 1490 3254 de
1516 3200 1572 3254 la
1600 3205 1725 3270 part
1752 3198 1820 3253 de
1851 3200 1947 3254 reu
1977 3199 2115 3254 Jean
2148 3198 2218 3254 de
2247 3199 2571 3258 Com-celles

810 3312 880 3350 en
911 3296 963 3350 la
983 3294 1135 3349 dlme
1166 3294 1234 3348 de
1261 3294 1472 3349 vienne
1501 3309 1645 3365 pour
1674 3293 1766 3348 dix
1791 3293 1960 3348 livres
1990 3294 2213 3362 parisis,

836 3438 1013 3510 (Oriss.
1042 3456 1141 3495 sur
1168 3440 1361 3511 perch.
1392 3439 1565 3496 Arch.
1594 3438 1669 3494 dn
1700 3439 1906 3506 Loiret,
1935 3439 2004 3496 G.
2024 3438 2182 3510 370.)

467 3651 793 3725 Universis
826 3665 1162 3742 presentes
1200 3653 1447 3724 litteras
1485 3651 1881 3741 inspecturis
1915 3649 2207 3722 officialis
2242 3650 2417 3723 curie
2452 3657 2643 3725 Aure-

377 3765 695 3839 lianensis
743 3768 1014 3837 salutem
1073 3763 1136 3834 in
1173 3763 1474 3836 Domino.
1514 3768 1747 3835 Notum
1789 3767 2055 3836 facimus
2094 3768 2265 3856 quod
2307 3766 2371 3836 in
2422 3781 2640 3838 nostra

374 3881 705 3973 presentia
757 3879 1091 3951 constituti
1150 3884 1330 3968 Hugo
1384 3879 1594 3951 dictus
1644 3877 1951 3962 Paletiau,
2011 3888 2220 3971 Agnez
2276 3884 2416 3973 ejus
2455 3905 2634 3969 uxor,

376 3996 684 4066 Gir-ardus
711 3997 790 4065 de
841 3994 1200 4065 Chaveneio
1239 4007 1304 4065 et
1339 3996 1629 4064 lohanna
1669 3996 1811 4085 ejus
1851 4016 2006 4065 uxor
2035 3997 2351 4066 decimam
2392 4010 2636 4087 partem

374 4109 579 4182 totius
619 4107 816 4201 partis
843 4108 1095 4179 decime
1133 4130 1323 4198 quam
1352 4110 1630 4179 habebat
1659 4121 1723 4178 et
1762 4111 1997 4179 habere
2025 4123 2274 4199 poterat
2300 4111 2339 4180 J
2346 4114 2636 4182 ohannes

374 4229 460 4297 de
492 4224 868 4304 Courcellis,
908 4224 1230 4312 quondam
1262 4236 1441 4313 pater
1474 4221 1789 4293 dictarum
1833 4222 2093 4312 Agnetis
2120 4237 2183 4295 et
2221 4227 2534 4310 lohanne‚
2572 4224 2635 4295 in

374 4334 631 4407 decima
693 4337 773 4405 de
835 4338 1109 4418 vianna,
1155 4357 1409 4406 necnon
1468 4335 1784 4406 decimam
1826 4349 2070 4427 partem
2139 4348 2379 4406 tractus
2437 4335 2634 4426 partis

376 4449 586 4542 ipsius
613 4449 863 4520 decime
889 4472 1082 4538 quam
1115 4452 1391 4520 habebat
1429 4462 1493 4519 et
1517 4452 1752 4520 babere
1785 4463 2038 4541 poterat
2075 4449 2285 4518 dictus
2307 4452 2633 4520 Johannes

378 4578 671 4655 tempore
712 4587 838 4654 quo
877 4563 1149 4646 vivebat,
1194 4563 1347 4634 item
1386 4578 1451 4635 et
1489 4565 1795 4654 quicquid
1832 4562 1994 4652 juris
2051 4565 2372 4634 habebant
2420 4578 2484 4633 et
2522 4566 2633 4633 ha-

379 4681 533 4749 bere
574 4691 870 4769 poterant
900 4692 963 4748 et
991 4677 1407 4769 possidebant
1451 4692 1513 4748 et
1546 4676 1879 4772 possidere
1916 4689 2209 4767 poterant
2234 4674 2388 4746 dicti
2421 4680 2626 4767 Hugo‚
