3485 5571
1420 710 1496 723 .-
1536 676 1615 739 37
1657 712 1735 724 -.

454 815 822 874 auctoritate
882 802 1230 888 fulcimus3
1288 817 1645 875 statuentes
1700 816 1773 874 ut
1816 802 1869 874 si
1910 807 2072 875 sorte
2112 806 2410 896 praetatus
2440 803 2693 876 Rainal-

455 918 571 987 dus
662 919 761 988 vel
826 939 1244 989 successores
1316 917 1414 989 sui
1497 915 1741 989 nostris
1820 931 2268 990 nostrorumve
2342 941 2694 991 successo-

453 1054 588 1102 rum
631 1030 1027 1123 temporibus
1058 1033 1236 1124 pacis
1276 1034 1616 1105 violatores
1662 1032 2013 1120 extiterint,
2064 1033 2189 1105 nisi
2220 1047 2364 1125 post
2400 1058 2699 1107 commo-

454 1144 759 1218 nitionem
820 1161 1105 1218 nostram
1159 1163 1222 1219 et
1279 1149 1544 1240 capituli
1598 1152 1850 1220 Sanctae
1919 1147 2142 1219 Crucis
2194 1149 2358 1219 intra
2395 1154 2491 1219 XL
2558 1149 2697 1222 dies

453 1260 957 1347 emendaverint,
1011 1260 1331 1333 sententia
1384 1286 1579 1353 super
1615 1261 1794 1352 ipsos
1848 1286 1883 1333 a
1914 1262 2103 1333 nobis
2142 1265 2236 1334 vel
2280 1286 2315 1333 a
2355 1286 2699 1335 successo·

452 1373 626 1445 ribus
678 1376 915 1446 nostris
966 1398 1170 1466 usque
1206 1380 1287 1445 ad
1335 1375 1720 1467 condignam
1753 1374 2256 1448 satisfactionem
2294 1376 2690 1468 imponatur,

450 1500 512 1557 et
539 1488 855 1561 ducentas
892 1487 1087 1560 libras
1125 1511 1285 1580 quas
1324 1492 1629 1578 praefatus
1677 1487 2023 1562 Rainaldus
2059 1491 2138 1560 de
2170 1492 2365 1561 rebus
2395 1489 2695 1561 ecclesiae

454 1603 786 1685 habuerat,
825 1616 1136 1693 cogantur
1164 1606 1516 1676 exsolvere.
1543 1607 1767 1674 Actum
1801 1602 2120 1690 Bituricis,
2153 1625 2323 1674 anno
2352 1607 2433 1674 ab
2487 1603 2699 1675 incar-

447 1713 709 1787 natione
735 1714 990 1787 Domini
1030 1719 1338 1801 MCLXXL
1383 1716 1794 1809 pontificatus
1823 1716 2023 1789 nostri
2053 1740 2223 1789 anno
2255 1716 2486 1811 primo.

1504 2026 1646 2085 XIX

1281 2252 1499 2331 (Bulla
1538 2253 1786 2329 refaite
1806 2250 1850 2330 ¹)

1062 2452 1101 2514 9
1140 2452 1404 2532 Janvier
1442 2452 1508 2533 (5
1557 2452 1673 2514 des
1720 2451 1890 2531 ides)
1943 2451 2060 2542 938
2134 2505 2141 2510 .

302 2699 325 2724 ’
437 2699 841 2755 Confirmation
880 2715 981 2771 par
1029 2699 1083 2754 le
1125 2714 1270 2770 pape
1321 2698 1470 2755 Leon
1502 2699 1600 2754 vlt
1657 2697 1757 2754 des
1784 2698 2134 2770 possessions
2191 2698 2267 2754 du
2323 2698 2571 2770 chapitre
2599 2698 2668 2753 de

504 2796 908 2854 Sainte-Croix.

435 2945 628 3018 (Copie
655 2944 727 3000 de
754 2944 975 3014 Baluze,
1008 2960 1063 3015 p.
1095 2943 1180 2999 10.
1229 2975 1298 2983 —
1336 2942 1527 3015 Copie.
1568 2943 1686 2998 Bib.
1736 2946 1852 2999 nat.
1894 2942 2022 2999 coll.
2077 2944 2303 2998 Moreau
2363 2942 2533 3000 1462:
2580 2944 2686 3000 126

1312 3042 1463 3108 (sans
1505 3038 1816 3108 reference)

640 3185 801 3255 (Pub.
836 3186 1022 3241 Neues
1051 3185 1311 3256 Archiv„
1342 3189 1383 3240 t.
1410 3185 1486 3240 XI
1517 3183 1724 3256 (1886),
1757 3201 1812 3257 p.
1843 3183 1972 3253 382,
2002 3185 2220 3257 d’apres
2251 3185 2502 3256 Baluze.)

519 3364 649 3429 Leo
714 3357 1080 3448 episcopus,
1144 3380 1372 3429 servus
1427 3381 1753 3428 servorum
1796 3359 1936 3440 Dei,
1982 3361 2307 3438 Anselmo,
2378 3357 2679 3449 religioso

433 3470 692 3562 praesuli
754 3486 993 3542 sanctae
1059 3470 1279 3541 matris
1343 3470 1636 3542 ecclesiae
1714 3470 2195 3542 Aurelianensis
2280 3475 2347 3540 in
2435 3474 2679 3541 honore

430 3589 685 3656 Sanctae
725 3583 941 3655 Crucis
980 3584 1310 3667 dedicatae,
1358 3583 1620 3675 suisque
1655 3584 2142 3656 successoribus
2171 3583 2234 3654 in
2269 3598 2673 3676 perpetuum.

430 3696 745 3769 Convenit
806 3697 1159 3790 apostolico
1235 3696 1650 3768 moderamini
1724 3702 1828 3790 pia
1900 3697 2208 3789 religione
2286 3697 2675 3789 pollentibus

429 3810 726 3884 benivola
757 3810 1204 3902 compassione
1232 3833 1634 3896 succurrere,
1677 3825 1741 3882 et
1785 3818 2192 3903 poscentium
2223 3811 2455 3881 animis
2480 3813 2672 3882 alacri

427 3929 773 3998 devotione
808 3948 1146 3997 assensum
1199 3924 1529 4017 impertiri.
1573 3929 1656 3996 Ex
1689 3929 1812 3997 hoc
1852 3927 1876 3971 2
1932 3926 2103 3997 enim
2136 3937 2168 3971 ⁰
2208 3925 2363 3996 tucri
2408 3926 2674 4017 potissi-

492 4189 637 4240 xlx.
660 4214 724 4228 —
751 4203 809 4242 α.
845 4188 900 4250 S)
923 4187 1107 4240 etiem.

504 4421 520 4454 ¹
564 4419 631 4474 V.
661 4420 933 4476 l'examen
962 4421 1197 4492 critique
1227 4421 1294 4476 de
1325 4426 1466 4475 cette
1493 4420 1646 4476 bulte
1671 4420 1812 4475 dans
1837 4420 2279 4475 l’introduction.

499 4509 524 4544 ²
563 4510 720 4565 Nous
777 4512 1080 4582 designons
1146 4527 1247 4582 par
1303 4511 1339 4564 S
1394 4510 1445 4564 la
1523 4511 1683 4580 copie
1758 4510 1853 4564 des
1929 4510 2211 4578 Melanges
2275 4509 2343 4563 de
2404 4510 2678 4564 Secousse

429 4600 687 4660 (Moreau
724 4598 907 4668 1462),
948 4614 1049 4672 par
1078 4600 1120 4654 B
1173 4600 1250 4660 les
1282 4599 1554 4662 variantes
1592 4598 1843 4657 donnees
1874 4614 1974 4678 par
2003 4599 2055 4654 la
2085 4597 2238 4660 bulte
2265 4596 2333 4651 de
2364 4599 2558 4656 Benott
2578 4597 2676 4658 VII

438 4687 549 4763 (ch.
584 4689 728 4764 xx).
