3485 5571
1382 726 1455 738 --
1496 690 1614 755 313
1659 725 1732 739 --

1426 947 1684 1008 CCXXI!

1389 1202 1510 1265 Mai
1565 1200 1723 1262 1229

434 1432 634 1486 Benoit
663 1429 805 1485 Sade
835 1445 1046 1499 engage
1076 1446 1146 1485 au
1175 1429 1422 1502 chapitre
1467 1446 1610 1501 pour
1652 1429 1726 1486 40
1767 1430 1932 1486 livres
1975 1431 2173 1499 parisis
2211 1447 2271 1485 sa
2309 1430 2461 1487 dime
2493 1430 2561 1486 de
2590 1431 2678 1487 bld

504 1527 797 1597 d'Huetre,
831 1528 935 1582 soit
994 1528 1046 1582 le
1097 1528 1325 1582 sixieme
1375 1527 1443 1582 de
1491 1529 1543 1583 13
1591 1527 1739 1583 dime
1796 1527 1963 1600 qu’on
1993 1530 2157 1584 mene
2195 1529 2222 1581 ὲ
2256 1530 2307 1584 13
2335 1545 2546 1599 grange
2574 1530 2675 1585 des

501 1624 720 1679 moines
745 1625 813 1679 de
843 1623 1528 1695 S.·Pierre·des-FosseS,
1556 1640 1690 1679 sous
1716 1622 1924 1698 facult&
1947 1624 2017 1679 de
2042 1625 2231 1680 rachat
2258 1627 2288 1680 3
2315 1625 2554 1682 νοῑοηίό.

893 1769 1067 1839 (Orig.
1100 1785 1146 1823 s.
1182 1769 1375 1840 parcb.
1410 1768 1577 1824 Arch.
1617 1716 1693 1825 dii
1722 1769 1927 1838 Loiret,
1974 1769 2035 1825 G.
2067 1769 2221 1842 329.)

522 1956 878 2049 Philippus,
927 1957 1042 2029 Dei
1083 1957 1281 2049 gratia
1320 1957 1799 2031 Aurelianensis
1839 1958 2206 2051 episcopus,
2239 1956 2539 2028 omuibus
2600 1958 2679 2026 ad

426 2095 594 2164 quos
649 2072 857 2144 littere
893 2086 1231 2163 presentes
1274 2073 1674 2165 pervenerint
1725 2072 1792 2143 in
1832 2070 2107 2144 Domino
2139 2074 2433 2161 salutem.
2478 2076 2677 2142 Nove-

425 2186 559 2257 rint
600 2183 881 2258 uuiv'ersi
921 2189 1091 2277 quod
1133 2187 1524 2260 Benedictus
1563 2190 1727 2259 Sade
1775 2201 1840 2258 et
1902 2209 2055 2257 uxor
2093 2191 2232 2278 ejus
2271 2185 2683 2276 Eremburgis

427 2316 631 2372 totam
696 2301 1012 2372 decimam
1081 2302 1247 2372 bladi
1311 2324 1502 2392 quam
1561 2304 1799 2373 habent
1845 2303 2012 2392 apud
2060 2305 2339 2383 Westre,
2385 2300 2684 2372 videlicet

436 2430 680 2487 sextam
724 2430 966 2505 partem
1026 2416 1222 2486 totius
1262 2415 1513 2486 decime
1551 2438 1676 2504 que
1716 2415 1969 2486 ducitur
2008 2413 2071 2484 in
2111 2414 2419 2505 granchia
2462 2435 2684 2484 mona-

435 2552 661 2601 corum
718 2529 934 2599 Sancti
1001 2531 1170 2599 Petri
1227 2531 1306 2600 de
1375 2528 1685 2612 Fossatis‚
1728 2531 1900 2600 sicut
1950 2527 2121 2600 idem
2175 2528 2561 2599 Benedictus
2620 2540 2685 2597 et

432 2642 847 2733 Eremburgis
886 2645 1177 2733 ejusdem
1209 2665 1363 2713 uxor
1391 2642 1833 2734 possidebant,
1864 2643 2121 2713 dilectis
2161 2642 2308 2713 filiis
2336 2644 2582 2712 decano
2619 2652 2683 2711 et

433 2756 715 2848 capitulo
776 2755 1338 2829 Aurelianensibus
1400 2780 1514 2850 pro
1579 2758 1994 2848 quadraginta
2056 2757 2236 2827 libris
2299 2754 2681 2848 parisiorum

436 2870 689 2963 pignori
720 2873 1187 2963 obligaverunt,
1221 2874 1344 2942 fide
1369 2872 1681 2963 corporali
1713 2871 1976 2963 prestita
2004 2870 2450 2962 promittentes
2480 2873 2681 2961 quod,

433 2985 492 3055 si
571 2988 856 3056 decanus
916 2999 980 3056 et
1033 2987 1386 3074 capitulum
1446 2985 1926 3057 Aurelianensis
1981 2984 2190 3075 aliqua
2262 2986 2534 3076 dampna
2587 2985 2682 3054 vel

435 3097 769 3189 deperdita
831 3083 1026 3190 super
1082 3100 1305 3169 eadem
1348 3098 1766 3170 invadiacone
1818 3100 2222 3171 incurrerent
2260 3122 2375 3191 pro
2428 3102 2684 3169 delectu

434 3213 724 3304 garantie
781 3211 1067 3304 ipsorum
1093 3213 1424 3284 Benedicti
1464 3227 1528 3284 et
1564 3215 1974 3305 Eremburgis
2012 3217 2151 3304 ejus
2178 3213 2413 3294 uxoris,
2439 3211 2684 3284 eisdem

437 3331 691 3417 integre
730 3325 1143 3399 resarcirent.
1188 3326 1583 3419 Supradictis
1626 3351 1775 3399 vero
1816 3326 2160 3399 Benedicto
2190 3342 2254 3398 et
2281 3327 2681 3418 Eremburgi,

436 3441 619 3512 uxori
668 3444 987 3533 ejusdem,
1030 3456 1095 3512 et
1133 3465 1355 3513 eorum
1406 3444 1756 3513 heredibus
1788 3440 2021 3512 dictam
2060 3439 2372 3512 decimam
2401 3443 2684 3531 quando-

437 3578 719 3646 cumque
746 3557 991 3626 eisdem
1034 3557 1344 3646 placuerit
1376 3558 1472 3626 vel
1502 3554 1827 3647 potuerint
1865 3555 2187 3626 redimere
2228 3539 2467 3625 licebit.
2514 3558 2686 3624 Hanc

436 3684 654 3760 autem
695 3669 1204 3740 invadiacionem
1247 3673 1472 3741 Petrus
1512 3672 1590 3740 de
1630 3673 1856 3752 Saran‚
1901 3672 2112 3751 mileS,
2158 3671 2238 3738 de
2275 3670 2460 3759 cujus
2495 3669 2685 3738 feodo

438 3797 655 3854 movet
715 3781 882 3853 dicta
932 3782 1207 3865 decima,
1250 3797 1314 3853 et
1349 3788 1581 3873 Agnes,
1631 3806 1784 3852 uxor
1837 3785 2127 3872 ejusdem
2191 3785 2386 3868 Petri,
2443 3805 2566 3872 que
2620 3781 2682 3850 in

442 3899 732 3989 predicto
785 3899 971 3966 feodo
1038 3895 1407 3966 dotalicium
1472 3919 1543 3967 se
1601 3900 1834 3967 habere
1899 3899 2178 3980 dicebat,
2236 3899 2571 3966 voluerunt
2621 3909 2685 3966 et

439 4024 928 4092 concesserunt,
958 4013 1081 4080 fide
1138 4012 1281 4080 data
1320 4011 1631 4102 corporali
1678 4011 2120 4102 promittentes
2159 4013 2328 4101 quod
2366 4012 2685 4080 decanum

439 4140 503 4196 et
533 4125 881 4216 capitulum
922 4123 988 4194 in
1023 4128 1147 4195 hoc
1187 4140 1645 4196 conservarent
1679 4125 2060 4216 indempnes
2089 4138 2153 4196 et
2191 4122 2684 4196 invadiationem

440 4240 769 4331 sepedicto
821 4240 1074 4311 decime
1141 4244 1370 4310 tactam
1423 4243 1703 4331 capitulo
1761 4239 1970 4311 eidem
2024 4240 2302 4331 capitulo
2343 4241 2508 4309 bona
2558 4241 2688 4310 fide

439 4347 857 4441 garentirent.
916 4353 984 4419 ln
1022 4352 1206 4440 cujus
1241 4350 1330 4421 rei
1374 4350 1749 4422 memoriam
1781 4363 1845 4422 et
1879 4349 2319 4423 testimonium
2354 4364 2687 4441 presentes

441 4469 689 4538 litteras
735 4468 815 4536 ad
857 4465 1244 4556 peticionem
1302 4467 1634 4557 utriusque
1690 4466 1886 4560 partis
1946 4469 2218 4539 fecimus
2275 4466 2564 4537 annotari
2624 4480 2688 4536 et

442 4579 633 4672 sigilli
697 4581 897 4651 nostri
950 4581 1305 4652 munimine
1365 4582 1672 4652 roborari.
1732 4588 1956 4654 Actum
2008 4604 2178 4652 anno
2224 4579 2479 4652 Domini
2535 4583 2688 4650 MCC

442 4692 749 4765 vicesimo
789 4717 984 4779 nono,
1029 4716 1253 4765 mense
1294 4693 1484 4764 mai0.
