3485 5571
1816 701 1893 711 -
1933 665 2055 729 540
2097 698 2175 713 .-

867 800 1026 867 Item
1054 797 1288 867 domus
1318 796 1400 866 de
1435 797 1635 865 Ponte
1678 797 2155 866 monachorum.

867 910 1024 978 Item
1068 909 1300 977 domus
1325 906 1676 997 leprosarie
1719 904 1935 976 Sancti
1978 905 2317 977 Maximini.

868 1024 1023 1093 Item
1059 1023 1290 1091 domus
1333 1020 1681 1111 leprosarie
1722 1022 1802 1091 de
1838 1020 2146 1093 cleriaco,

868 1140 1025 1209 Item
1064 1137 1306 1227 capella
1339 1136 1557 1206 Sancti
1599 1134 1900 1207 Anthonii
1932 1158 2126 1227 supra
2157 1150 2354 1227 ponte
2394 1135 2774 1208 Aurelianis.

869 1255 1027 1323 Item
1057 1248 1333 1322 ecclesia
1365 1252 1443 1321 de
1484 1249 1741 1320 Marolio
1776 1248 1840 1319 in
1873 1264 2082 1341 prato.

867 1369 1022 1436 Item
1052 1362 1328 1435 ecclesia
1367 1366 1446 1435 de
1477 1366 1803 1436 Ardonno.

868 1484 1035 1576 Item
1100 1478 1373 1551 ecclesia
1451 1479 1655 1551 sancti
1720 1477 1933 1563 sirici,
1988 1480 2251 1551 alterius
2314 1477 2561 1551 vicibus
2626 1478 2982 1571 capitulum
3043 1483 3114 1551 de

956 1592 1257 1685 Jargolio.

868 1712 1023 1780 Item
1064 1708 1343 1779 ecclesia
1367 1707 1446 1778 de
1478 1705 1827 1777 Bonhiaco.

868 1827 1027 1894 Item
1065 1819 1339 1893 ecclesia
1381 1822 1461 1892 de
1503 1824 1816 1892 Seranno.

871 1940 1025 2007 Item
1068 1934 1343 2007 ecclesia
1384 1936 1462 2004 de
1492 1932 1914 2005 Marinhiaco.

869 2052 1027 2120 Item
1056 2045 1331 2120 ecclesia
1374 2051 1606 2118 Sancte
1646 2048 1983 2118 Columbe.

867 2167 1025 2235 Item
1055 2160 1329 2235 ecclesia
1365 2160 1580 2233 Sancti
1609 2161 1915 2253 Stephani
1943 2159 2324 2233 Aurelianis.

870 2280 1121 2369 Capella
1163 2298 1394 2347 manus
1434 2289 1686 2347 mortue
1725 2274 2110 2347 Aurelianis.

870 2393 1025 2463 Item
1070 2389 1712 2481 archipresbiteratus
1761 2385 2263 2474 Aurelianensis,
2304 2401 2372 2461 et
2419 2411 2548 2461 non
2590 2400 2809 2481 potest
2849 2386 3104 2460 conferri

960 2503 1084 2575 nisi
1119 2502 1433 2576 canonico
1482 2502 1923 2576 Aurelianensi
1954 2504 2006 2573 ¹.

1051 2697 1178 2765 Hec
1217 2696 1533 2765 debentur
1563 2691 2103 2785 archipresbitero
2138 2692 2577 2765 Aurelianensi
2609 2695 2674 2762 in
2716 2695 2950 2765 sinodo

1324 2808 1570 2881 estivali
1601 2822 1668 2881 et
1704 2808 1990 2893 hiemali,
2033 2807 2241 2901 primo
2271 2822 2340 2880 ut
2378 2807 2670 2901 sequitur

872 2975 1054 3046 Prior
1092 2974 1172 3045 de
1212 2978 1483 3065 Semeyo
1512 2997 1626 3065 pro
1667 2978 1904 3045 Sancto
1943 2976 2234 3045 Iohanne
2264 2976 2342 3045 de
2384 2971 2585 3045 Braiis
2614 2987 2681 3045 et

960 3086 1329 3161 Comblosio
2774 3091 2825 3158 II
2856 3111 2909 3158 s.
2943 3090 3012 3156 IX
3040 3089 3092 3156 d.

873 3201 1051 3274 Prior
1086 3201 1303 3274 Sancti
1343 3201 1579 3274 Macuti
1615 3225 1727 3294 pro
1765 3215 1942 3294 parte
1979 3224 2093 3273 sua
2519 3239 2526 3246 =
2773 3205 2878 3272 XII
2909 3204 2970 3270 d.

871 3321 1029 3389 Item
1061 3319 1232 3389 idem
1274 3316 1445 3409 prior
1471 3340 1587 3409 pro
1626 3321 1863 3387 Sancto
1903 3314 2188 3407 Sulpicio
2771 3320 2908 3387 [Is.
2943 3318 3011 3385 VI
3040 3315 3092 3381 d.

874 3431 1050 3503 Prior
1083 3433 1162 3503 de
1189 3435 1388 3504 Ponte
1424 3434 1876 3503 Monachorum
1909 3454 2023 3522 pro
2049 3429 2362 3502 Checiaco
2768 3434 2819 3500 11
2846 3454 2901 3500 s.
2944 3432 3012 3499 VI
3039 3428 3092 3496 d.

873 3549 1147 3617 Sanctus
1180 3550 1395 3637 Lupus
2771 3547 2821 3613 11
2849 3567 2904 3614 s.

942 3885 959 3919 ¹
1000 3884 1242 3940 Emuite
1270 3884 1443 3940 d’une
1472 3889 1639 3941 autre
1664 3883 1830 3939 main
1859 3903 1879 3937 .-

1439 3976 1605 4029 Anno
1635 3973 1859 4028 Domini
1890 3973 2124 4030 MCCCC
2163 3974 2381 4031 decimo
2407 3980 2597 4030 octavo
2627 3978 2958 4029 vacaverunt
2985 3988 3104 4027 cure

1509 4069 1812 4135 sequentes

870 4168 973 4226 pro
1004 4152 1241 4225 deporta
1269 4153 1371 4209 XII
1416 4153 1455 4208 f.
1498 4153 1688 4209 Primo
1731 4154 1939 4208 vacavit
1993 4169 2131 4210 cura
2179 4155 2383 4211 Sancte
2435 4153 2707 4210 columbe
2755 4168 2860 4225 per
2906 4152 3104 4207 obitum

1513 4241 1727 4297 domini
1758 4242 2052 4297 Laurencii
2079 4241 2332 4298 Coillart.

872 4346 973 4402 pro
996 4330 1232 4402 deporta
1253 4331 1441 4389 XVII.
1476 4331 1734 4388 Secundo
1763 4333 1974 4386 vacavit
2010 4346 2147 4387 cura
2192 4333 2356 4388 Beate
2392 4332 2563 4387 Marie
2610 4330 2680 4386 de
2726 4331 2976 4386 Sazenno
3014 4344 3106 4402 per

1510 4421 1725 4476 obitum
1753 4422 1962 4475 domiui
1991 4422 2260 4476 Johannis
2291 4421 2524 4477 Camail.

873 4526 973 4581 pro
1004 4510 1239 4582 deportu
1276 4512 1377 4566 XII
1405 4511 1473 4566 fr.
1507 4511 1567 4568 3Ο
1617 4512 1828 4565 vacavit
1869 4527 2005 4565 cura
2053 4511 2238 4566 Sancti
2284 4511 2554 4565 ,Iohannis
2583 4510 2709 4565 Albi
2754 4526 2857 4581 per
2901 4508 3100 4564 obitum

1514 4601 1729 4655 domini
1760 4600 1991 4655 Roberti
2022 4601 2225 4656 Saulus
2251 4601 2344 4669 (Ἴ).

872 4704 975 4760 pro
1006 4689 1243 4760 deportu
1274 4690 1344 4745 VI
1367 4690 1406 4745 ἰ.
1437 4689 1647 4756 Quarto
1663 4690 1875 4746 vacavit
1894 4706 2028 4746 cura
2053 4690 2238 4747 Sancti
2261 4689 2468 4744 Privati
2490 4705 2590 4762 per
2607 4688 2825 4744 obitum
2846 4694 2950 4744 etc.
2965 4685 3099 4756 (sic).
