3485 5571
1333 635 1691 698 —219—

1373 981 1671 1043 CXXXVI

1432 1255 1586 1319 1202

376 1479 824 1552 Homologation
862 1495 965 1553 par
992 1481 1245 1552 Hugnes,
1305 1482 1517 1554 eveque
1569 1481 1881 1554 d’Orleans,
1927 1483 2078 1540 dela
2117 1484 2407 1542 fondation
2435 1486 2632 1558 prece-

1410 1578 1595 1635 dente.

668 1673 845 1788 (Or-ig.
876 1716 1047 1772 Arch.
1081 1716 1157 1772 du
1186 1716 1397 1788 Loiret‚
1437 1718 1504 1774 G.
1536 1717 1685 1790 4393
1717 1718 1969 1774 mention
2008 1718 2345 1790 Scriptum).

461 1935 677 2023 Hugo,
720 1930 836 2003 Dei
875 1934 1087 2022 gracia
1118 1932 1593 2005 Aurelianensis
1620 1932 1993 2026 episcopus,
2024 1935 2328 2006 omnibus
2361 1939 2441 2007 ad
2465 1960 2630 2028 quos

368 2047 596 2117 littere
625 2048 753 2116 iste
791 2045 1194 2137 pervenerint
1231 2046 1296 2117 in
1338 2062 1746 2139 perpetuum.
1785 2053 2017 2120 Notum
2055 2052 2327 2121 facimus
2365 2072 2631 2142 presen-

373 2160 557 2232 tibus
586 2174 651 2232 et
690 2159 921 2232 futuris
960 2164 1130 2252 quod
1171 2164 1266 2233 vir
1301 2162 1537 2234 nobilis
1591 2167 1917 2235 lohannes
1963 2168 2281 2257 Paganus‚
2315 2168 2395 2237 de
2434 2171 2631 2237 Aure-

368 2273 568 2345 lianis
598 2274 938 2359 vocitatus,
971 2274 1034 2345 in
1075 2277 1349 2348 ecclesia
1390 2281 1624 2349 Sancte
1651 2279 1872 2350 Crucis
1901 2279 2404 2366 Aurelianensis,
2446 2293 2625 2351 etc...

368 2395 643 2480 (comme
676 2393 735 2462 le
765 2394 1098 2483 precedent
1138 2400 1276 2464 acte
1312 2399 1388 2463 de
1434 2396 1604 2464 Jean
1634 2397 1857 2486 Payen
1920 2399 2296 2477 &Or-leam,
2356 2401 2628 2468 mutatis

369 2506 771 2597 mutandis).

1313 2848 1637 2910 cxxxvn

1204 3140 1583 3216 Pieri-efitte,
1639 3142 1793 3205 1202

365 3394 572 3449 L’abbe
625 3393 700 3450 de
739 3392 970 3449 Vierzon
1014 3392 1296 3463 temoigne
1351 3393 1668 3464 qu’Hubert
1720 3393 1965 3451 Boissier
1997 3393 2331 3452 abandonne
2364 3412 2454 3451 ses
2496 3399 2623 3468 pre-

432 3490 677 3546 tentions
705 3505 805 3544 sur
834 3489 886 3543 le
909 3488 1139 3544 sixieme
1169 3488 1267 3543 des
1291 3488 1568 3544 oblatione
1597 3495 1653 3545 et
1683 3506 1917 3545 menues
1948 3490 2126 3547 dimes
2177 3491 2246 3555 de
2302 3492 2620 3549 Nouan-le-

434 3584 707 3656 Fuzelier,
740 3599 886 3655 pour
910 3584 977 3637 14
1006 3584 1193 3639 livreS.

810 3729 986 3800 (Orig.
1019 3747 1066 3786 s.
1098 3730 1292 3801 parch.
1334 3731 1506 3787 Arch.
1540 3731 1616 3787 du
1658 3731 1869 3801 Loiret,
1901 3732 1969 3787 G.
2001 3730 2155 3801 356.)

453 3945 779 4019 Universis
806 3960 1170 4037 presentem
1202 3945 1495 4038 paginam
1540 3946 1956 4038 inspecturis,
1988 3972 2109 4040 ego
2139 3953 2274 4035 W„
2309 3952 2509 4021 abbas
2537 3953 2616 4022 de

369 4060 687 4146 Virsione,
728 4063 1001 4131 salutem
1038 4059 1103 4129 in
1130 4063 1430 4132 Domino,
1466 4066 1616 4131 Tam
1663 4061 2067 4153 presencium
2128 4085 2318 4154 quam
2371 4067 2618 4134 futuro-

371 4196 504 4244 rum
573 4172 820 4245 noverit
885 4173 1269 4245 universitas
1320 4178 1488 4265 quod
1545 4198 1690 4246 cum
1734 4178 2080 4245 Herbertus
2134 4179 2477 4261 BofferiuS,
2534 4201 2613 4249 eo

370 4290 533 4377 quod
555 4301 798 4359 sextam
836 4300 1079 4379 partem
1112 4286 1513 4359 oblationum
1564 4302 1629 4360 et
1670 4287 2058 4359 minutarum
2108 4290 2503 4361 decimarum
2550 4290 2614 4361 in

374 4399 702 4489 parrochia
749 4403 830 4472 de
885 4403 1092 4472 Noem
1152 4402 1471 4493 capiebat,
1546 4401 2230 4474 excommunicationis
2278 4404 2612 4478 sentencie

374 4517 751 4606 subjaceret,
794 4514 964 4586 idem
1006 4518 1355 4587 Herbertus
1411 4514 1474 4585 in
1534 4529 1751 4587 nostra
1807 4515 2141 4608 presencia
2187 4517 2608 4603 constitutus,

376 4629 643 4721 receptis
684 4653 720 4701 a
762 4631 996 4701 dilecto
1024 4642 1246 4702 nostro
1273 4633 1585 4713 lohanne,
1638 4629 2074 4702 Aurelianensi
2116 4632 2608 4719 archidiacono,
