3485 5571
1381 697 1731 762 —267—

400 824 767 909 lianensis,
823 826 1125 896 omnibus
1179 839 1515 917 presentes
1569 826 1811 897 litteras
1879 826 2270 917 inspecturis
2310 831 2580 900 salutem
2612 832 2679 901 in

399 937 731 1009 Domino.
794 939 1105 1010 Noverint
1136 938 1417 1009 universi
1444 940 1614 1029 quod
1672 962 1820 1010 cum
1860 942 2030 1011 inter
2072 940 2241 1011 viros
2281 943 2681 1017 venerabiles

354 1038 357 1041 ¹
403 1056 750 1125 decanum
780 1067 845 1124 et
874 1054 1221 1144 capitulum
1250 1055 1737 1137 Aurelianense,
1771 1077 1845 1126 ex
1876 1077 1999 1126 una
2034 1069 2237 1148 parte,
2280 1070 2342 1127 et
2383 1057 2681 1130 homines

405 1170 495 1237 de
541 1166 888 1258 parrochia
948 1169 1029 1239 de
1074 1165 1362 1251 Marzeio,
1429 1190 1503 1238 ex
1542 1170 1766 1249 altera,
1810 1191 2005 1259 super
2044 1167 2318 1240 decimis
2349 1168 2676 1245 vinearum

404 1303 588 1372 quas
624 1280 777 1351 dicti
809 1281 1105 1352 homines
1143 1284 1382 1353 babent
1420 1279 1482 1350 in
1515 1280 1849 1371 parrochia
1875 1285 1955 1354 de
1990 1282 2254 1354 Marzeio
2289 1285 2357 1353 in
2398 1284 2680 1356 decima-

399 1394 603 1466 tione
646 1393 868 1486 prefati
904 1394 1163 1487 capituli
1194 1394 1533 1466 contencio
1567 1408 1941 1479 verteretur,
1975 1421 2009 1468 a
2052 1397 2314 1489 prefatis
2347 1401 2592 1471 decano
2612 1415 2676 1472 et

401 1507 707 1601 capitulo
746 1523 811 1579 et
866 1507 1171 1602 predictis
1224 1509 1571 1580 homnibus
1631 1508 1695 1580 in
1736 1534 1857 1581 nos
1890 1513 2190 1583 abbatem
2223 1511 2410 1583 Curie
2447 1516 2569 1584 Dei
2606 1526 2673 1584 et

404 1645 543 1694 nos
588 1625 1033 1694 subdecanum
1072 1621 1599 1694 Aurelianensem
1640 1625 1762 1693 fuit
1792 1627 1871 1694 de
1897 1625 2088 1696 dictis
2122 1624 2415 1707 decimis,
2449 1628 2573 1697 fide
2606 1649 2679 1697 ex

409 1750 610 1828 parte
640 1735 1235 1828 prenominatorum
1268 1736 1602 1808 hominum
1644 1738 2062 1829 corporaliter
2088 1738 2377 1831 prestita,
2420 1755 2484 1812 et
2514 1763 2676 1831 pena

409 1865 693 1923 centum
733 1850 1036 1921 librarum
1076 1849 1527 1943 parisiensium
1556 1854 1634 1921 ab
1657 1865 1926 1942 utraque
1959 1867 2136 1943 parte
2159 1853 2473 1945 apposita,
2512 1856 2682 1925 datis

410 1986 625 2056 super
686 1967 807 2035 hoc
869 1963 1382 2055 fidejussoribuS‚
1444 1964 2011 2054 compromissum,
2055 1965 2139 2037 ita
2176 1966 2470 2039 videlicet
2511 1971 2681 2059 quod

413 2101 546 2149 nos
576 2092 864 2149 statuere
904 2094 1271 2149 teneremur
1312 2093 1381 2148 nt
1415 2081 1495 2149 de
1520 2079 1824 2150 omnibus
1851 2079 2054 2151 vineis
2081 2104 2240 2172 quas
2279 2080 2437 2152 dicti
2474 2081 2681 2152 homi-

411 2215 541 2263 nes
607 2195 848 2263 habent
908 2191 969 2261 in
1036 2192 1367 2283 parrochia
1429 2194 1508 2263 de
1570 2192 1833 2264 Marzeio
1874 2193 1936 2262 in
1979 2195 2409 2267 decimatione
2448 2200 2682 2267 Sancte

414 2307 657 2377 Crucis
726 2328 841 2397 pro
890 2301 1176 2397 quolibet
1229 2320 1497 2396 arpento
1565 2319 1695 2377 tres
1746 2309 1973 2398 lagene
2026 2308 2152 2377 vini
2210 2312 2308 2380 vel
2340 2309 2678 2381 duodecim

417 2417 700 2500 denarii,
755 2418 924 2489 sicut
979 2416 1167 2488 nobis
1228 2416 1461 2487 melius
1515 2420 1818 2508 placeret,
1891 2421 2151 2490 nomine
2202 2422 2455 2491 decime
2494 2419 2682 2492 annis

416 2531 704 2624 singulis
734 2533 1204 2623 imperpetuum
1236 2530 1678 2603 Aurelianensi
1718 2530 2000 2623 capitulo
2028 2536 2452 2618 solverentur,
2495 2556 2681 2625 sepe-

416 2648 527 2718 sati
573 2648 844 2738 insuper
907 2646 1205 2717 homiues
1248 2649 1568 2738 quandam
1619 2669 1938 2717 summam
2001 2647 2273 2738 pecunie
2321 2650 2679 2719 secundum

417 2764 821 2832 voluntatem
855 2774 920 2832 et
960 2760 1431 2852 beneplacitum
1486 2775 1776 2832 nostrum
1816 2764 2192 2833 tauxandam
2237 2762 2682 2854 prenominato

417 2878 715 2967 capitulo
756 2878 1003 2946 solvere
1041 2888 1436 2946 tenerentur.
1484 2874 1546 2945 Si
1587 2889 1800 2946 autem
1843 2899 1964 2948 nos
2003 2879 2131 2947 duo
2153 2900 2348 2968 super
2376 2876 2682 2968 predictis

418 2994 825 3063 concordare
865 3014 993 3063 non
1053 3013 1419 3082 possemuS,
1473 2991 1811 3063 nobiscum
1862 2994 2143 3084 aliquem
2178 2992 2449 3064 tercium
2490 2992 2683 3084 elige-

417 3127 672 3190 remus,
726 3118 791 3176 et
829 3106 984 3176 illud
1034 3107 1203 3196 quod
1271 3104 1459 3176 nobis
1498 3104 1703 3177 tribus
1756 3108 1853 3178 vel
1894 3109 2147 3177 duobus
2192 3130 2268 3178 ex
2315 3109 2506 3177 nobis
2548 3110 2682 3198 pla-

419 3234 606 3291 ceret
641 3222 907 3290 deberet
945 3221 1296 3290 observari.
1326 3221 1391 3291 Si
1427 3233 1642 3291 autem
1676 3219 1741 3289 in
1779 3222 2081 3311 eligendo
2121 3219 2390 3292 tercium
2429 3220 2682 3292 inveni-

417 3355 647 3404 remur
702 3334 1063 3416 discordes,
1152 3335 1511 3403 secundum
1589 3336 1980 3404 voluntatem
2066 3332 2449 3406 venerabilis
2564 3334 2681 3406 viri

419 3447 759 3540 L[eberti]‚
782 3447 1006 3517 decani
1021 3444 1522 3529 AurelianensiS,
1550 3445 1738 3518 nobis
1759 3460 1934 3518 esset
1953 3446 2187 3519 tercius
2202 3449 2676 3539 adjungendus.

418 3567 547 3635 Nos
590 3576 806 3635 autem
845 3566 998 3644 duo,
1042 3586 1188 3633 cum
1217 3585 1411 3653 super
1453 3562 1787 3654 premissis
1818 3562 1967 3635 licet
1994 3563 2057 3633 in
2090 3566 2347 3636 modico
2371 3563 2576 3655 primo
2601 3567 2680 3634 ad

421 3676 701 3748 invicem
760 3679 1311 3759 discordaremuS,
1349 3677 1536 3747 nobis
1567 3678 1630 3746 in
1670 3677 1844 3748 dicto
1877 3678 2138 3748 arbitrio
2167 3679 2372 3748 virum
2412 3700 2681 3749 venera-

422 3790 621 3862 bilem
670 3790 1142 3883 Vu[lgrinum],
1210 3792 1506 3861 abbatem
1586 3791 1800 3861 Sancti
1866 3791 2120 3862 Evurcii
2175 3790 2679 3874 Aurelianensis,

423 3905 838 3975 eon‘corditer
870 3903 1167 3975 duximus
1207 3903 1612 3975 sociandum.
1654 3906 1852 3975 Nobis
1891 3903 2083 3996 igitur
2112 3906 2315 3975 tribus
2355 3909 2680 3977 voluntate

427 4017 715 4088 unanimi
756 4017 819 4087 in
868 4020 1140 4088 eandem
1191 4017 1592 4088 sentenciam
1647 4019 2216 4101 concordantibuS‚
2260 4019 2476 4089 habito
2523 4042 2682 4111 pru-

428 4135 694 4204 dentum
735 4132 1035 4216 consilio‚
1078 4147 1223 4223 post
1255 4134 1520 4202 multam
1563 4132 2090 4204 deliberationem
2126 4157 2318 4225 super
2343 4133 2681 4225 premissis

428 4245 864 4318 ordinavimus
902 4245 962 4316 in
1009 4250 1182 4316 hunc
1232 4249 1519 4332 modum,
1566 4260 1632 4316 ut
1660 4248 1913 4318 scilicet
1941 4271 2054 4338 pro
2085 4247 2371 4338 quolibet
2410 4262 2679 4339 arpento

434 4366 671 4452 prefate
723 4359 1175 4431 decimationis
1233 4372 1364 4430 tres
1427 4363 1650 4450 lagene
1709 4359 1837 4429 vini
1894 4360 2043 4430 boni
2095 4375 2157 4432 et
2206 4359 2542 4432 laudabilis
2603 4384 2679 4433 ac

434 4471 599 4547 illius
640 4487 706 4546 et
743 4476 1035 4564 ejusdem
1075 4472 1202 4543 vini
1260 4476 1431 4563 quod
1469 4495 1542 4543 ex
1573 4476 1802 4545 eodem
1856 4488 2124 4565 arpento
2165 4474 2553 4566 provenerit,
2599 4477 2679 4546 de

436 4610 604 4659 mera
644 4600 845 4679 gutta,
880 4587 1026 4658 vino
1064 4590 1271 4658 adhuc
1312 4586 1625 4658 existente
1665 4589 1730 4658 in
1763 4610 1946 4671 ouva,
1991 4589 2462 4680 imperpetuum
2489 4592 2679 4659 annis

440 4699 704 4794 singulis
736 4716 1024 4793 tempore
1053 4699 1518 4772 vindemiarum
1554 4702 1720 4772 bona
1762 4704 1886 4773 fide
1924 4702 2186 4774 nomine
2224 4700 2475 4774 decime
2500 4701 2680 4794 capi-
