3485 5571
1363 668 1723 733 ..201-

1424 1053 1429 1062 .
1450 973 1633 1033 cxix

1461 1247 1618 1314 1197

389 1484 775 1557 Assignation
802 1501 875 1541 au
900 1484 1148 1557 chapitre
1176 1485 1276 1540 des
1305 1484 1551 1540 maisons
1580 1489 1634 1539 et
1657 1483 1759 1540 des
1786 1484 1978 1554 vignes
2006 1484 2077 1538 de
2107 1483 2403 1539 Bouchard
2431 1483 2508 1539 du
2533 1483 2672 1538 Pui-

945 1588 1028 1639 set
1059 1599 1203 1656 pour
1229 1583 1512 1655 paiement
1538 1583 1609 1638 de
1632 1588 1761 1638 cent
1792 1598 1978 1638 maros
2006 1582 2135 1638 dus.

700 1728 874 1801 (Orig.
908 1730 1083 1785 Arch.
1116 1728 1192 1785 du
1221 1730 1427 1800 Loiret‚
1457 1729 1524 1785 G.
1557 1728 1704 1801 377;
1747 1728 2001 1786 mention
2032 1726 2384 1802 Scriptum).

494 1945 877 2038 O[do]‚Dei
925 1943 1124 2036 gratia
1174 1942 1555 2016 Parisiensis
1604 1942 1981 2036 episcopum,
2025 1942 2331 2015 omnibus
2373 1947 2453 2016 ad
2509 1967 2672 2036 quos
2751 1951 2756 1956 '

399 2081 688 2151 presens
710 2058 1018 2149 scriptum
1046 2060 1435 2151 pervenerit,
1475 2060 1748 2129 salutem
1770 2057 1835 2127 in
1864 2056 2163 2129 Domino.
2214 2061 2371 2129 Cum
2399 2057 2671 2131 dilectus

396 2173 468 2243 in
497 2171 762 2245 Christo
798 2174 1182 2267 B[ucardus]
1210 2175 1290 2244 de
1317 2177 1618 2257 puteaco,
1638 2171 2162 2263 consanguineus
2189 2185 2432 2257 noster,
2464 2195 2669 2264 quon-

403 2291 556 2360 dam
597 2288 1095 2361 archidiaconus
1136 2293 1368 2361 Sancte
1433 2290 1656 2360 Crucis
1695 2287 2201 2372 AurelianensiS,
2253 2291 2320 2359 in
2371 2288 2671 2362 extremis

402 2426 639 2495 agens,
666 2425 787 2475 nos
825 2416 891 2475 et
916 2406 1253 2476 Radullum
1289 2408 1536 2476 Harenc
1575 2415 1858 2475 extreme
1887 2403 2233 2475 voluntatis
2263 2427 2379 2476 sue
2433 2426 2672 2476 execu-

406 2530 587 2589 tores
609 2517 1087 2602 constituisset,
1124 2517 1294 2589 sicut
1327 2540 1403 2589 ex
1442 2519 1702 2610 publico
1741 2516 2172 2589 instrumento
2209 2516 2417 2611 ipsius
2456 2519 2670 2589 mani-

407 2631 645 2704 festius
684 2636 1054 2724 apparebat,
1110 2646 1177 2703 et
1240 2634 1454 2704 dictus
1521 2634 1889 2727 R[adullus]
1931 2633 2167 2703 domos
2244 2631 2311 2703 in
2385 2635 2667 2705 claustro

409 2745 857 2821 Aurelianensi
906 2745 1063 2819 sitas
1101 2760 1166 2819 et
1204 2759 1478 2839 quatuor
1524 2759 1790 2840 arpenta
1857 2745 2182 2820 vinearum
2232 2748 2401 2840 apud
2463 2745 2669 2821 Vilers

414 2860 566 2947 sita,
599 2884 730 2953 que
760 2863 1086 2932 Bucardus
1124 2874 1416 2933 tenuerat
1453 2860 1657 2933 relicti
1689 2863 2380 2955 titulo‚[reclamaret]‚
2414 2874 2673 2953 propter

412 2977 538 3047 hoc
569 2997 699 3046 una
765 2997 911 3047 cum
963 2975 1310 3047 venerabili
1376 2974 1639 3047 domino
1677 2998 1754 3048 ac
1789 2989 1963 3067 patre
2002 2989 2226 3048 nostro
2287 2974 2671 3048 Bituricensi

413 3088 911 3180 archiepiscopo
944 3091 1024 3160 ad
1060 3088 1402 3162 ecclesiam
1438 3090 1959 3162 Aurelianensem
2013 3089 2434 3162 accessimus.
2475 3091 2671 3182 Cujus

416 3225 564 3275 cum
616 3202 1044 3275 intrassemus
1103 3203 1454 3296 capitulum
1487 3218 1552 3275 et
1612 3209 1685 3276 R.
1742 3208 1983 3276 Harens
2031 3204 2456 3277 intentionem
2487 3227 2671 3276 suam

417 3314 587 3388 sicut
627 3315 1015 3408 premissum
1068 3330 1169 3389 est
1209 3318 1632 3405 fundavisset,
1695 3317 1987 3390 canonici
2028 3321 2499 3410 responderunt
2550 3340 2672 3389 nos

417 3444 481 3502 et
507 3436 583 3504 R.
611 3434 882 3514 Harenc,
913 3430 1082 3502 sicut
1111 3430 1475 3503 testationis
1506 3431 1715 3504 littere
1758 3436 2224 3525 proponebant,
2257 3435 2337 3505 ad
2369 3436 2493 3505 hoc
2521 3454 2669 3505 exe-

418 3557 681 3618 cutores
723 3544 968 3636 positos
996 3544 1392 3631 testamenti,
1420 3558 1490 3615 ut
1523 3545 1650 3638 ipsi
1699 3550 1773 3619 B.
1832 3547 2043 3619 debita
2087 3561 2304 3640 petere
2353 3561 2420 3620 et
2467 3550 2547 3618 ab
2593 3569 2671 3618 eo

422 3660 639 3732 debita
668 3663 917 3732 solvere
955 3662 1363 3744 deberemus,
1420 3673 1485 3732 et
1523 3664 1606 3732 ob
1655 3665 1780 3733 hoc
1815 3666 1912 3733 XL
1966 3661 2161 3734 libras
2202 3676 2461 3735 monete
2501 3661 2674 3734 Pari-

421 3773 659 3846 siensis
705 3797 740 3845 a
793 3772 981 3846 nobis
1019 3772 1364 3846 instantius
1421 3778 1798 3867 repetebant
1847 3798 2007 3868 quas
2074 3780 2437 3870 sepelactus
2476 3781 2546 3848 Β.
2592 3779 2674 3849 de

425 3890 603 3961 firma
642 3888 892 3977 Maziaci
956 3893 1188 3961 Sancte
1229 3891 1454 3961 Crucis
1493 3888 1797 3982 capitulo,
1844 3893 2222 3983 interposita
2256 3892 2673 3985 jurisjurandi

425 4002 757 4096 religione,
792 4007 1040 4076 solvere
1077 4008 1436 4092 tenebatur,
1484 4002 1650 4076 sicut
1704 4004 1769 4076 in
1813 4009 1954 4097 ejus
1981 4010 2306 4079 autentico
2338 4031 2673 4099 compare-

426 4119 552 4191 bat.
599 4123 987 4192 Asserebant
1024 4122 1216 4190 etiam
1248 4141 1318 4191 se
1378 4123 1645 4192 Radulto
1687 4124 1924 4193 debere
1950 4124 2241 4215 preferri,
2284 4123 2458 4215 quia,
2501 4123 2672 4195 sicut

429 4246 698 4307 cavetur.
720 4237 786 4305 in
821 4237 992 4325 jure,
1045 4235 1399 4306 creditores
1466 4234 1791 4326 legatariis
1848 4240 2281 4328 preferuntur,
2356 4240 2671 4309 addentes

430 4352 597 4438 quod
654 4348 1043 4420 venerabilis
1119 4347 1646 4441 consanguineus
1718 4365 1939 4422 noster
2013 4353 2284 4446 H[ugo],
2344 4354 2671 4444 quondam

433 4461 880 4536 Dunelmensis
958 4463 1328 4555 episcopus,
1408 4486 1520 4553 per
1585 4467 1862 4536 eandem
1919 4464 2263 4536 ecclesiam
2332 4464 2672 4537 transitum

438 4579 696 4662 taciens,
739 4599 834 4649 ets
871 4579 950 4648 ad
991 4579 1222 4649 festum
1264 4576 1432 4648 beati
1498 4577 1753 4649 Cuberti
1803 4578 2273 4670 imperpetuum
2312 4579 2672 4652 honorifice

436 4693 883 4764 celebrandum
919 4698 987 4763 et
1022 4694 1100 4762 ad
1120 4713 1309 4762 suum
1335 4689 1838 4763 anniversarium
1880 4690 2243 4764 laciendum
2272 4695 2475 4765 LXXX
2507 4716 2673 4766 mar-
