3485 5571
899 817 1084 901 Quod
1124 829 1336 888 autem
1367 814 1642 887 vidimus
1682 829 1998 888 testamur
2013 830 2077 888 et
2109 819 2189 887 ad
2213 817 2470 908 majoris
2505 820 2652 911 (sic)
2679 817 2774 890 rei
2799 817 3053 888 eviden-

809 927 971 999 ciam
1013 933 1426 1020 presentibus
1467 929 1694 1000 litteris
1744 932 2022 1020 sigillum
2057 930 2233 1002 curie
2262 931 2739 1004 Aurelianensis
2766 931 3056 1002 duximus

809 1046 1287 1134 apponendum.
1333 1047 1563 1115 Datum
1603 1058 1890 1136 utsupra
1931 1068 2099 1115 anno
2138 1059 2202 1117 et
2232 1044 2335 1117 die
2366 1046 2698 1138 predictis.

2545 1165 2636 1231 Dc
2683 1165 2883 1231 Tuon.

1808 1520 2106 1583 CCCLXX

1475 1821 1763 1897 Orvieto,
1795 1821 1872 1885 29
1917 1823 2191 1886 octobre
2230 1822 2384 1886 1297

819 2049 1223 2106 Confirmation
1253 2066 1355 2120 par
1408 2049 1669 2105 Bonisace
1708 2051 1834 2105 VIII
1880 2050 1950 2105 de
1981 2051 2033 2105 la
2071 2056 2336 2106 sentence
2377 2050 2643 2107 arbitrale
2692 2051 2792 2107 des
2829 2052 3059 2123 &eques

896 2145 1108 2201 d’Ostie
1139 2153 1191 2200 et
1224 2146 1291 2199 de
1324 2145 1548 2214 Sabine,
1586 2145 1857 2217 delegues
1896 2146 1968 2200 du
2001 2145 2367 2217 saint-siege,
2400 2146 2702 2201 accordant
2737 2149 2775 2202 a
2818 2146 3058 2218 l‘eveque

890 2247 1043 2296 toute
1084 2242 1416 2312 ,iuridiction
1476 2242 1635 2296 civile
1675 2249 1728 2297 et
1785 2242 2100 2297 criminelle
2149 2243 2289 2298 dans
2332 2244 2386 2299 le
2444 2243 2702 2314 doyenne
2755 2242 3056 2306 d’Orleans,

892 2346 1236 2409 moyennant
1266 2356 1379 2395 une
1407 2339 1715 2395 indemnite
1739 2342 1810 2395 de
1829 2340 1937 2396 200
1987 2341 2154 2396 livres
2201 2341 2271 2395 de
2300 2341 2463 2412 petits
2501 2340 2778 2407 tournois„
2813 2340 3059 2412 payables

890 2436 1114 2509 chaque
1144 2436 1324 2492 annee
1353 2453 1425 2491 au
1458 2436 1636 2507 doyen
1666 2437 1740 2492 du
1771 2438 2042 2509 chapitre.

821 2581 1033 2652 (Copia.
1069 2581 1209 2636 Bibl.
1246 2582 1562 2651 d’OrleanS‚
1592 2599 1697 2638 ms.
1732 2583 1841 2639 552
1869 2600 1882 2638 ε
1920 2602 1974 2656 p.
2007 2583 2134 2651 317,
2179 2602 2205 2635 ι
2240 2582 2460 2655 d’apres
2487 2583 2571 2638 les
2602 2598 2736 2638 mss.
2771 2583 3055 2652 d’Huhert,

1540 2678 1616 2733 du
1644 2678 1852 2735 Tresor
1890 2680 1960 2734 de
1995 2680 2243 2736 l’eveche
2275 2682 2350 2749 n).

910 2893 1275 2966 Bonifacius
1307 2895 1676 2986 episcopuS‚
1721 2919 1945 2967 servus
1985 2919 2311 2968 servorum
2343 2898 2489 2978 Dei,
2525 2896 2872 2967 venerabili
2903 2895 3060 2986 epis·

822 3032 986 3100 copo
1034 3025 1097 3080 et
1138 3009 1373 3081 dilecto
1412 3009 1542 3081 filio
1581 3013 1828 3083 decano
1869 3009 2309 3082 Aurelianensi
2353 3014 2624 3089 salutem
2668 3026 2731 3081 et
2776 3008 3061 3101 apostoli·

822 3146 962 3194 cam
986 3123 1525 3195 benedictionem.
1582 3124 1754 3195 Licet
1807 3148 1880 3197 ea
1920 3148 2043 3215 que
2084 3149 2196 3218 per
2235 3128 2457 3197 fratres
2497 3140 2755 3195 nostros
2791 3122 3060 3195 Ecclesie

825 3241 1108 3310 Romane
1169 3241 1547 3323 cardinaleS,
1614 3239 1815 3310 nostri
1857 3243 2238 3311 auctoritate
2290 3239 2599 3321 mandati,
2652 3241 2846 3309 simul
2897 3240 2957 3307 in
2998 3260 3059 3307 se

823 3356 1018 3423 robur
1047 3353 1401 3435 obtineant,
1433 3358 1712 3425 libenter
1740 3369 1948 3425 tamen
1976 3354 2313 3446 adjicimus
2348 3352 2682 3445 apostolici
2725 3353 2826 3422 bis
2861 3350 3056 3422 muni·

826 3465 1024 3537 minis
1062 3468 1429 3539 firmitatem
1472 3483 1537 3539 ut
1576 3468 1816 3539 illibata
1860 3466 2203 3559 persistant
2231 3491 2381 3538 curn
2411 3483 2630 3538 nostro
2653 3466 2897 3538 fuerint
2934 3488 3061 3559 pre·

828 3580 992 3652 sidio
1032 3583 1450 3654 communita.
1498 3589 1682 3655 Lecta
1731 3582 2047 3673 siquidem
2088 3606 2303 3654 coram
2339 3582 2525 3653 nobis
2577 3595 2787 3653 vestra
2840 3580 3060 3673 peticio

829 3699 1397 3787 continebatquod
1446 3721 1592 3768 cum
1634 3696 1798 3767 inter
1835 3720 1968 3781 voS‚
2001 3719 2196 3788 super
2233 3719 2310 3768 eo
2348 3700 2516 3787 quod
2551 3710 2644 3781 tu,
2677 3696 2763 3765 tili
2806 3698 3058 3778 decane,

824 3811 1337 3904 jurisdictionem
1376 3810 1882 3882 ecclesiasticam
1935 3809 2000 3882 in
2039 3810 2559 3882 archidiaconatu
2600 3803 3057 3894 Aurelianensi,

832 3926 1165 3999 decanatui
1212 3940 1321 3996 tuo
1375 3927 1652 3996 ecclesie
1701 3925 2183 3997 Aurelianensis
2246 3947 2518 4010 aunem,
2582 3926 2732 3995 dum
2778 3939 2841 3995 te
2883 3923 2944 3993 in
2980 3927 3067 4015 ju-

833 4041 1206 4113 risdictione
1247 4041 1383 4133 ipsa
1424 4045 1778 4113 exercenda
1835 4055 1918 4126 te,
1956 4044 2152 4112 trater
2180 4041 2508 4132 episcope,
2544 4040 2880 4130 prevenire
2918 4063 3070 4111 con-

834 4160 1121 4247 tingebat
1161 4159 1236 4227 ad
1269 4171 1353 4242 te,
1386 4159 1465 4228 de
1502 4159 1763 4246 antiqua
1820 4170 1883 4227 et
1919 4147 2266 4246 approbata
2316 4156 2788 4225 consuetudine
2827 4168 2893 4225 et
2930 4157 3071 4224 hac·

739 4325 743 4329 .
836 4284 1024 4340 tenus
1074 4270 1335 4361 pacifice
1373 4273 1733 4352 observata,
1788 4285 1854 4340 tu
1898 4293 2071 4353 vero,
2109 4268 2438 4360 episcope,
2484 4267 2546 4337 in
2579 4267 2777 4338 certis
2816 4267 3071 4338 casibus

836 4396 901 4455 et
937 4384 1097 4455 locis
1143 4383 1303 4455 inira
1345 4388 1506 4455 fines
1545 4386 1698 4455 dicti
1753 4384 2314 4458 archidiaconatus
2352 4380 2863 4453 consistentibus
2891 4383 2970 4476 ad
3017 4393 3074 4451 te

838 4512 1081 4569 tantum
1122 4511 1188 4569 et
1240 4497 1673 4590 episcopalem
1715 4501 1937 4568 sedem
1997 4494 2518 4568 Aurelianensem
2557 4497 2853 4567 eamdem
2888 4493 3078 4586 iuris·

840 4611 1184 4683 dictionem
1225 4615 1558 4684 asserebas
1600 4611 1945 4704 pertinere,
1977 4634 2226 4683 necnon
2268 4632 2462 4701 super
2493 4611 2927 4681 emolumenta
2958 4630 3074 4710 que

841 4748 912 4797 ex
975 4724 1319 4818 episcopali
1356 4726 1800 4817 jurisdictione
1843 4740 1936 4809 tu,
1976 4728 2240 4811 decane,
2294 4725 2550 4795 racione
2593 4723 3072 4794 archidiacona-
