3485 5571
1758 642 2115 705 -352-

814 774 1102 846 secundo
1164 775 1307 844 loco
1363 785 1574 844 movet
1618 784 1684 842 ut
1734 770 1971 842 dicitur
2021 767 2190 841 dicta
2231 768 2503 854 decima,
2542 770 2960 842 laudaverunt
2996 781 3062 841 et

813 888 1322 978 approbaverunt
1363 883 1797 958 venditionem
1828 881 2215 957 antedictam
2246 895 2313 954 et
2341 906 2527 954 suum
2562 883 2817 953 leodum
2855 904 3062 953 amor-

813 1002 1239 1081 tificaverunt,
1284 997 1760 1092 promittentes,
1815 1009 1988 1070 etc...
2056 1000 2126 1067 ln
2183 998 2367 1088 cujus
2423 994 2516 1068 rei
2575 992 2949 1067 memoriam
3002 1007 3065 1066 et

811 1111 1248 1185 testimonium
1308 1126 1645 1204 presentes
1683 1112 1929 1184 litteras
1982 1114 2064 1183 ad
2122 1110 2498 1203 petitionem
2554 1108 2826 1201 partium
2868 1107 3064 1200 sigilli

811 1226 1014 1299 nostri
1051 1225 1411 1299 munimine
1452 1225 1722 1298 fecimus
1759 1228 2070 1298 roborari.
2130 1229 2361 1297 Datum
2400 1246 2571 1296 anno
2610 1222 2865 1296 Domini
2905 1224 3061 1293 MCC

810 1340 1141 1414 tricesimo
1177 1363 1372 1430 nono,
1415 1363 1638 1414 mense
1677 1338 2020 1414 februario.

1795 1724 2014 1787 CCLVl
2026 1727 2072 1787 ll

1705 2025 1963 2089 Fevrier
2006 2025 2161 2089 1240

808 2303 933 2360 Don
962 2304 1380 2376 par‘Regnaud,
1407 2303 1752 2359 archidiacre
1781 2306 1850 2359 de
1878 2303 2138 2375 sologne,
2171 2319 2243 2358 au
2273 2303 2522 2375 chapitre
2550 2302 2620 2358 de
2646 2299 2953 2372 Ste·Croi1,
2987 2300 3054 2355 de

877 2401 934 2456 la
961 2400 1109 2456 dime
1138 2401 1366 2456 achetee
1405 2416 1506 2472 par
1547 2400 1645 2469 lui,
1677 2416 1748 2455 en
1779 2401 1832 2455 la
1861 2400 2111 2472 paroisse
2136 2399 2206 2455 de
2234 2399 2456 2470 Josnes,
2489 2398 2740 2469 d’Henri,
2773 2398 2955 2468 doyen
2984 2396 3055 2451 de

882 2495 1538 2565 St·Pierre-le-Puellier,
1570 2513 1713 2569 pour
1750 2496 1833 2551 les
1860 2512 2108 2553 revenus
2135 2513 2206 2552 en
2236 2496 2355 2551 etre
2383 2494 2682 2577 distribues
2707 2496 2739 2550 a
2769 2495 2822 2550 la
2846 2493 2958 2549 sete
2986 2493 3056 2548 de

887 2593 1329 2661 ste-catherine,
1361 2594 1537 2665 partie
1566 2610 1675 2650 aux
1701 2594 2008 2650 chanoines
2037 2598 2092 2649 et
2120 2593 2298 2666 partie
2326 2610 2434 2649 aux
2464 2592 2774 2649 nourriers.

1270 2741 1456 2815 (Orig.
1488 2760 1534 2799 s.
1570 2743 1763 2816 parch.
1797 2743 1963 2800 Arch.
1997 2742 2074 2800 du
2103 2742 2308 2813 Loiret,
2340 2742 2406 2799 G.
2437 2740 2585 2811 333).

899 2982 1223 3057 Universis
1277 2999 1611 3077 presentes
1651 2984 1896 3058 litteras
1954 2983 2341 3077 inspecturis
2390 2984 2804 3076 Baginaldus‚
2844 2983 3052 3058 archi-

811 3097 1121 3171 diaconus
1160 3102 1557 3191 Sigalonnie,
1607 3103 1879 3171 salutem
1932 3098 1998 3170 in
2048 3100 2350 3172 Domino.
2410 3099 2712 3172 Noverint
2767 3098 3047 3172 universi

805 3216 977 3304 quod
1037 3236 1157 3305 ego
1215 3214 1360 3286 dedi
1419 3228 1481 3286 et
1538 3217 1835 3286 concessi
1902 3214 2176 3287 ecclesie
2237 3212 2678 3287 Aurelianensi
2732 3214 3049 3287 decimam

804 3326 991 3398 sitam
1059 3327 1121 3397 in
1189 3327 1521 3420 parrochia
1577 3331 1658 3400 de
1716 3333 1988 3416 Jaunna,
2030 3352 2220 3420 quam
2261 3352 2543 3401 emeram
2594 3332 2675 3401 ab
2748 3329 3043 3412 Henrico‚

803 3444 1049 3515 decano
1109 3442 1324 3514 Sancti
1382 3441 1551 3514 Petri
1592 3446 1951 3514 Puellarum
1993 3441 2492 3527 Aurelianensis,
2557 3445 2636 3515 ad
2686 3467 2851 3537 opus
2904 3441 3046 3515 festi

803 3570 1025 3628 sancte
1067 3556 1386 3641 Katerine,
1451 3555 1535 3628 ita
1591 3560 1763 3648 quod
1814 3571 2160 3649 proventus
2217 3556 2390 3630 dicte
2444 3556 2693 3630 decime
2754 3556 2817 3627 in
2878 3561 3045 3629 dicto
3090 3590 3094 3593 ⁴

801 3673 968 3742 sesto
1015 3671 1241 3761 partim
1281 3669 1611 3743 canonicis
1650 3672 1820 3743 dicte
1871 3670 2147 3743 ecclesie
2204 3671 2677 3744 Aurelianensis
2715 3685 2781 3744 et
2819 3670 3044 3764 partim

803 3782 1094 3856 nutriciis
1134 3788 1423 3878 ejusdem
1464 3786 1739 3859 ecclesie
1770 3788 1945 3877 juxta
1976 3785 2444 3859 ordinationem
2484 3787 2708 3859 decani
2761 3801 2827 3859 et
2878 3787 3043 3880 capi-

803 3899 917 3970 tuli
972 3900 1448 3973 Aurelianensis
1510 3901 1996 3974 distribuentur.
2067 3906 2291 3974 Actum
2344 3925 2515 3974 anno
2575 3902 2833 3975 Domini
2895 3905 3043 3974 MCC

803 4012 1132 4088 tricesimo
1169 4039 1368 4101 nono,
1412 4039 1636 4088 mense
1667 4019 2009 4088 februario.
