3485 5571
1500 972 1714 1032 Lxxx

1481 1250 1730 1332 [1173]ι

438 1528 537 1583 Le
566 1528 823 1599 chapitre
853 1528 921 1583 de
948 1528 1330 1585 Sainte-Croix
1363 1544 1591 1582 menace
1621 1527 2215 1583 d’excommunication
2247 1529 2328 1582 les
2358 1528 2597 1600 eveques
2628 1531 2724 1599 qui

779 1641 838 1678 se
867 1623 1103 1684 fer-aient
1132 1625 1470 1695 pensionner
1498 1640 1596 1678 sur
1627 1625 1707 1678 les
1737 1623 2015 1678 benefices
2041 1623 2115 1678 du
2147 1624 2416 1696 chapitre.
2503 1656 2512 1662 ·

444 1772 619 1840 (Bib.
646 1773 769 1826 Nat.
804 1773 1031 1826 Moreau
1059 1770 1161 1826 78:
1195 1771 1285 1824 53.
1322 1790 1347 1824 <x
1381 1771 1509 1825 Pris
1523 1787 1622 1824 sur
1650 1771 1700 1824 le
1731 1771 2032 1825 cartulaire
2061 1771 2129 1825 de
2162 1771 2377 1841 l’eglise
2406 1771 2475 1825 de
2507 1770 2728 1826 Sainte-

1169 1867 1332 1922 Croix
1363 1867 1679 1935 d'Orleans‚
1714 1866 1757 1920 {⁰
1784 1867 1853 1920 27
1887 1881 1945 1920 vo
1979 1870 2053 1934 ι.)

569 2087 804 2180 H[pgo]
846 2087 1129 2174 decanus
1172 2083 1668 2175 universumque
1699 2083 2156 2174 Aurelianense
2201 2084 2551 2181 capitulum
2591 2107 2729 2155 om—

466 2202 674 2270 nibus
712 2196 774 2268 in
817 2198 1087 2288 Domino
1134 2201 1432 2286 salutem.
1479 2201 1636 2268 Cum
1679 2197 1956 2284 ecclesie
2000 2213 2216 2270 nostre
2258 2187 2726 2269 immunitatem

467 2313 810 2400 illibatam,
838 2326 1155 2403 quatenus
1170 2335 1515 2404 possumus
1541 2328 1604 2382 et
1627 2315 1966 2397 debemus»,
1987 2327 2321 2402 teneamus
2345 2334 2729 2383 conservare

474 2451 563 2498 ne
609 2429 961 2526 dampnum
1002 2424 1277 2496 ecclesie
1338 2440 1557 2496 nostre
1592 2425 1655 2496 in
1715 2430 1996 2512 futurum
2062 2428 2268 2520 possit
2322 2427 2724 2522 contingere,

480 2539 888 2636 previdentes
928 2541 980 2612 si
1020 2565 1358 2648 quisquam
1402 2538 1854 2633 episcoporum
1897 2545 1993 2612 vel
2052 2544 2113 2626 in
2144 2540 2521 2638 episcopum
2556 2544 2732 2613 elec-

481 2670 695 2748 torum
723 2656 1174 2748 possessiones
1213 2678 1247 2725 a
1270 2655 1548 2766 capitulo
1581 2671 1805 2726 nostro
1846 2654 2241 2764 pertinentes
2281 2655 2415 2726 sive
2445 2655 2728 2766 precario

482 2770 620 2842 sive
676 2773 796 2841 sul)
835 2768 1044 2881 aliqua
1098 2770 1410 2875 pensione
1469 2767 1773 2849 detineat,
1832 2772 1953 2841 sub
2014 2794 2174 2862 pena
2215 2768 2730 2853 excommunica-

481 2885 681 2956 tionis
719 2885 1060 2972 statuimus
1103 2906 1181 2954 ne
1211 2883 1548 2977 quisquam
1592 2900 1880 2973 nostrum
1918 2884 2193 2981 aliquem
2226 2885 2599 2978 episcopum
2633 2886 2728 2954 vel

484 2996 549 3067 in
629 2995 1002 3109 episcopum
1063 3000 1340 3081 electum
1421 2996 1873 3088 possessiones
1931 3011 2184 3067 nostras
2247 2994 2532 3089 precario
2596 2995 2729 3067 sive

482 3114 608 3182 sub
672 3111 1161 3220 aliquacumque
1218 3112 1529 3202 pensione
1584 3109 1869 3205 detinere
1909 3125 2018 3181 aut
2071 3114 2407 3182 conterre
2400 3112 2729 3201 imposte-

479 3250 623 3295 rum
677 3227 1016 3341 patiamur.
1069 3223 1188 3310 Qui
1246 3240 1466 3295 contra
1549 3228 1673 3295 hoc
1736 3239 2028 3294 nostrum
2092 3240 2400 3296 statutum
2462 3248 2726 3317 posses·

483 3342 707 3410 siones
774 3354 1026 3429 nostras
1095 3339 1382 3435 detinere
1445 3338 1780 3429 cogitabit,
1844 3354 2155 3431 qnantum
2219 3341 2282 3409 in
2352 3342 2541 3411 nobis
2604 3353 2728 3429 est,

482 3451 692 3526 eidem
738 3476 898 3545 pene
951 3452 1426 3549 supponimus;
1482 3456 1604 3523 hoc
1644 3451 1835 3543 etiam
1895 3452 2329 3544 adjiciendum
2384 3476 2728 3541 censemus

482 3571 655 3661 quod
728 3565 1103 3655 instituendi
1146 3566 1437 3636 canonici
1496 3589 1566 3636 se
1623 3569 1790 3637 hanc
1847 3580 2131 3638 nostram
2203 3568 2733 3659 constitutionem

482 3696 851 3753 servaturos
922 3679 1304 3771 interposito
1353 3682 1720 3770 juramento
1793 3683 2159 3752 firmabunt.
2228 3680 2519 3774 Alioquin
2584 3706 2730 3754 cum

482 3801 732 3868 eisdem
793 3794 1317 3866 communionem
1367 3792 1431 3862 in
1471 3797 1669 3864 choro
1721 3809 1831 3865 aut
1887 3794 1948 3864 in
1990 3795 2269 3887 capitulo
2329 3819 2733 3888 nequaquam

480 3912 871 3980 habebimus
910 3911 1117 3979 donec
1152 3912 1274 3978 hoc
1310 3909 1647 3978 emiserint
1677 3911 2142 3999 juramentum,
2177 3933 2250 3981 ex
2291 3934 2418 4002 quo
2461 3910 2522 3980 in
2566 3924 2733 3982 etate

480 4022 724 4097 suerint
755 4037 860 4101 aut
899 4025 977 4103 ad
1004 4035 1236 4103 etatem
1281 4019 1685 4113 pervenerint
1716 4023 1784 4097 in
1823 4045 1948 4113 qua
1988 4037 2296 4097 statutum
2325 4039 2425 4095 est
2455 4024 2730 4116 aliquem

481 4139 782 4211 emittere
815 4138 1297 4228 juramentum2.

556 4460 576 4494 ¹
612 4458 757 4513 C’est
792 4461 846 4515 la
871 4459 996 4513 date
1026 4458 1244 4514 donnee
1272 4474 1372 4531 par
1400 4460 1541 4514 Dom
1572 4459 1779 4515 Gerou.
1825 4460 2109 4515 Peut—elre
2134 4460 2497 4535 figurait-elle
2526 4478 2596 4516 au
2618 4478 2734 4517 car-

486 4548 693 4623 tulaire
713 4549 736 4600 2

560 4635 588 4670 ²
615 4637 784 4699 Notes
808 4636 878 4691 de
907 4637 1045 4691 Dom
1076 4637 1260 4691 Geron
1291 4657 1302 4691 :
1351 4655 1380 4690 α
1413 4636 1487 4691 Ce
1517 4638 1644 4692 titre
1673 4639 1851 4709 parait
1880 4637 2107 4693 curieux
2155 4655 2227 4694 en
2275 4655 2336 4694 ce
2384 4642 2560 4727 qu’un
2589 4640 2732 4697 cha-2
