3485 5571
1709 645 2063 709 -344-·-

1806 1007 1972 1070 CCLI

1581 1281 1783 1344 Mardi
1827 1282 1866 1345 9
1888 1282 2038 1363 Juin
2080 1281 2236 1344 1237

764 1505 869 1560 Les
888 1503 1128 1575 eveques
1153 1503 1222 1558 de
1251 1503 1407 1560 Paris
1426 1508 1481 1560 et
1510 1504 1581 1559 de
1608 1504 1827 1573 Meaux,
1860 1505 2092 1578 deputes
2119 1522 2244 1561 vers
2274 1504 2327 1560 le
2352 1502 2438 1559 roi
2468 1520 2569 1576 par
2615 1503 2668 1560 le
2696 1504 2910 1560 concile
2939 1504 3004 1561 de

835 1600 890 1654 la
921 1600 1181 1665 province
1208 1599 1278 1655 de
1322 1601 1482 1670 Sens,
1523 1600 1851 1657 obtiennent
1877 1602 1947 1658 de
1988 1602 2069 1657 lui
2094 1601 2232 1674 qu'il
2279 1600 2510 1657 restitue
2557 1601 2639 1656 les
2682 1616 2856 1670 gages
2910 1599 3008 1656 des

835 1696 1114 1769 chapitres
1142 1696 1212 1752 de
1241 1698 1404 1767 Sens,
1438 1697 1677 1754 Orleans
1721 1703 1776 1753 et
1806 1700 2059 1756 Auxerre
2084 1704 2141 1755 et
2182 1715 2244 1755 se
2272 1699 2476 1756 desiste
2521 1700 2747 1771 jusqu'a
2797 1697 3005 1754 nouvel

837 1792 1005 1849 ordre
1030 1792 1100 1848 de
1129 1809 1190 1848 sa
1214 1793 1489 1849 demands
1510 1794 1581 1850 de
1598 1810 1831 1851 seeours
1861 1795 2040 1851 arme.

1262 1940 1446 2011 (Orig.
1495 1957 1542 1994 s.
1577 1940 1769 2012 parch.
1802 1941 1972 1996 Areh.
2007 1942 2133 1997 Nat.
2166 1943 2196 1998 J
2205 1983 2218 1998 .
2253 1942 2395 1998 206:
2431 1942 2512 2015 2.)

951 2059 1116 2130 (Pub.
1139 2060 1351 2127 Teulet‚
1383 2060 1636 2133 Layeues
1665 2060 1746 2115 du
1778 2060 1982 2115 Trdsor
2014 2062 2110 2117 des
2138 2063 2387 2131 charles,
2420 2068 2459 2118 t.
2492 2064 2567 2132 11,
2598 2081 2653 2136 p.
2682 2064 2834 2135 346).

857 2274 1179 2349 Universis
1227 2290 1561 2368 presentes
1609 2277 1854 2349 litteras
1904 2277 2290 2370 inspecturis
2342 2279 2766 2375 G[uillelmus]
2845 2280 3014 2352 Pari-

768 2389 1030 2477 siensis‚
1068 2392 1354 2484 P[etrus]
1392 2391 1731 2463 Meldensis
1755 2393 1877 2463 Dei
1911 2396 2114 2483 gratia
2143 2392 2454 2486 episcopi,
2491 2398 2760 2466 salutem
2796 2395 2859 2464 in
2892 2399 3014 2466 Do-

770 2506 970 2576 mino.
1012 2510 1244 2576 Notum
1282 2505 1555 2576 facimus
1615 2508 1786 2597 quod
1827 2529 1976 2578 eum
2021 2507 2403 2580 karissimus
2444 2508 2744 2580 dominus
2798 2523 3018 2582 noster

769 2619 1151 2705 Ludovieus,
1183 2622 1571 2690 Francorum
1611 2643 1718 2692 rex
1757 2619 2046 2702 illustris,
2115 2634 2361 2693 teneret
2401 2622 2664 2714 pignora
2700 2625 3009 2716 capitulo·

770 2752 910 2801 rum
941 2728 1194 2802 seilicet
1228 2730 1650 2817 Senonensis‚
1693 2730 2171 2804 Aurelianensis
2198 2746 2262 2806 et
2287 2733 2867 2808 Autissiodorensis
2897 2760 3008 2828 pro

771 2843 1000 2915 auxilio
1041 2845 1358 2917 exereitus
1397 2849 1565 2937 quod
1609 2851 1867 2938 petebat
1919 2850 1998 2919 ab
2040 2847 2162 2932 eis,
2225 2871 2370 2932 nos,
2430 2848 2640 2920 nuntii
2699 2850 2885 2922 missi
2936 2853 3014 2923 ad

773 2982 919 3031 eum
976 2982 1012 3030 a
1052 2958 1706 3052 coneiliosprovineie
1766 2962 2186 3047 Senonensis,
2250 2961 2751 3056 supplicavimus
2809 2964 3017 3037 eidem

773 3074 1036 3147 domino
1074 3077 1211 3166 regi
1242 3097 1316 3146 ex
1342 3089 1519 3167 parte
1549 3076 1807 3147 concilii
1848 3089 1911 3147 et
1941 3098 2016 3147 ex
2040 3089 2217 3168 parte
2252 3091 2471 3149 nostra
2510 3080 2679 3169 quod
2714 3078 2883 3151 dicta
2916 3081 3011 3172 pi-

773 3211 970 3280 gnora
1008 3190 1329 3276 redderet,
1373 3203 1437 3261 et
1486 3189 1783 3260 auxilium
1833 3192 2006 3281 quod
2048 3195 2303 3282 petebat
2355 3191 2419 3261 in
2459 3214 2573 3263 sua
2649 3195 3019 3265 sufferentia

778 3315 1045 3395 poneret
1072 3302 1379 3393 quamdiu
1447 3306 1634 3375 vellet
1673 3318 1736 3375 et
1779 3307 2137 3376 secundum
2187 3308 2358 3396 quod
2410 3304 2469 3376 ei
2511 3308 2813 3397 placeret.
2877 3311 3018 3399 lpse

776 3440 954 3502 vero,
998 3420 1275 3509 benigne
1309 3440 1384 3488 ae
1426 3418 1773 3489 liberaliter
1812 3419 2053 3489 nostris
2084 3419 2382 3510 precibus
2411 3419 2861 3510 acquiescenS,
2907 3444 3017 3512 pro

777 3554 993 3604 amore
1024 3545 1315 3602 nostrum
1353 3534 1652 3615 duorum,
1694 3531 1961 3623 pignora
2023 3533 2388 3624 supradicta
2442 3534 2721 3606 reddidit
2768 3547 2833 3605 et
2888 3533 3016 3605 dic-

778 3659 912 3715 tum
957 3645 1259 3717 auxilium
1320 3649 1388 3716 in
1431 3669 1545 3716 sua
1608 3632 2007 3734 sufferentiaj
2072 3647 2239 3718 sieut
2294 3650 2535 3718 dietum
2595 3663 2721 3731 est,
2777 3647 3014 3739 posuit,

778 3763 953 3830 salvo
987 3764 1130 3852 jure
1160 3783 1279 3830 suo
1309 3761 1375 3830 in
1411 3761 1714 3830 omnibus
1775 3774 1839 3831 et
1868 3783 1982 3851 per
2009 3759 2247 3833 omnia.
2292 3764 2362 3831 In
2390 3764 2572 3853 enjus
2624 3759 2715 3833 rei
2773 3784 3017 3833 memo·

774 3872 934 3944 riam
987 3889 1359 3966 perpetuam
1426 3873 1832 3965 presentibus
1890 3873 2122 3945 litteris
2181 3873 2388 3964 sigilla
2436 3890 2656 3946 nostra
2719 3874 3014 3946 duximus

774 3991 1178 4082 apponenda.
1223 3993 1445 4060 Actum
1486 4010 1655 4059 anno
1706 3988 1961 4058 Domini
2003 3990 2312 4059 MCCXXX
2361 3988 2660 4080 septimo,
2704 3989 2809 4061 die
2850 4011 3013 4059 mar-

774 4100 858 4174 tis
884 4101 1161 4195 proxima
1201 4116 1351 4174 ante
1380 4105 1618 4173 festum
1657 4100 1863 4171 saneti
1904 4105 2190 4173 Barnabe
2221 4101 2518 4193 apostoli.
