3485 5571
1385 690 1621 753 —369
1666 724 1740 735 —

437 821 747 891 omnibus
785 819 850 889 in
883 818 1051 890 dicta
1084 816 1359 890 ecclesia
1385 833 1672 908 tempore
1712 830 1931 886 nostro
1970 818 2212 887 cultum
2246 815 2439 886 divini
2482 816 2683 887 nomi·

443 933 548 1005 nis
588 930 903 1025 ampliari,
960 933 1299 1024 quamdam
1360 934 1440 1002 de
1494 929 1839 1022 prebendis
1889 929 2165 1001 ecclesie
2206 929 2686 1002 Aurelianensis

442 1047 510 1118 in
553 1060 970 1139 augmentum
1010 1043 1479 1118 distributionis
1526 1047 1740 1136 panis,
1780 1047 2096 1115 dictorum
2148 1044 2373 1116 decani
2414 1058 2477 1115 et
2517 1045 2688 1135 capi-

442 1162 563 1233 tuli
611 1165 691 1234 ad
753 1161 815 1232 id
867 1164 1216 1234 accedente
1258 1183 1610 1242 consensu,
1671 1157 2015 1230 liberaliter
2071 1173 2135 1231 et
2192 1158 2254 1228 in
2310 1173 2687 1250 perpetuum

443 1279 860 1368 deputamus,
907 1299 1096 1369 quam
1137 1275 1264 1347 cito
1303 1277 1526 1346 offeret
1559 1297 1630 1345 se
1667 1276 1960 1344 facultas,
2006 1275 2189 1359 Quod
2227 1288 2292 1343 ut
2335 1276 2585 1342 firmum
2628 1284 2692 1343 et

443 1388 679 1459 stabile
716 1388 783 1458 in
814 1402 1141 1481 posterum
1182 1399 1583 1479 permaneat,
1623 1399 1956 1476 presentes
1987 1384 2227 1456 litteras
2260 1384 2451 1475 sigilli
2489 1383 2689 1454 nostri

445 1501 809 1574 munimine
848 1502 1117 1574 fecimus
1159 1500 1469 1573 robora'ri.
1528 1504 1753 1571 Actum
1805 1522 1975 1569 anno
2045 1498 2306 1570 Domini
2347 1502 2502 1568 MCC
2535 1521 2696 1588 qua·

447 1616 816 1709 dragesimo
848 1617 1098 1708 quinto,
1135 1637 1357 1688 mense
1389 1616 1598 1706 junio.

1432 1979 1736 2043 CCLXXV

755 2279 958 2357 Lyon,
991 2276 1065 2338 27
1089 2276 1314 2356 juillet
1341 2274 1408 2354 (6
1437 2275 1555 2338 des
1585 2275 1894 2336 calendes
1925 2273 2176 2354 d'aont)
2203 2272 2407 2353 [1245]

672 2501 1072 2558 Confirmation
1109 2517 1211 2572 par
1240 2501 1293 2557 le
1317 2517 1459 2574 pape
1485 2502 1758 2558 Innocent
1787 2501 1862 2557 IV
1886 2502 1956 2558 de
1980 2500 2141 2558 l'acte
2169 2503 2489 2574 precedent.

891 2647 1070 2718 (Orig.
1115 2664 1163 2702 s.
1212 2649 1403 2719 parch.
1445 2650 1617 2704 Arch.
1669 2649 1747 2705 du
1792 2649 2000 2719 Loiret,
2046 2649 2112 2704 G.
2157 2649 2284 2717 168)

557 2865 969 2939 Innocentius
1008 2866 1378 2958 episcopuS,
1422 2888 1645 2937 servus
1696 2889 2027 2938 servorum
2078 2868 2222 2951 Dei,
2278 2868 2529 2939 dilectis
2564 2869 2715 2941 tiliis

456 2986 716 3054 decano
754 2994 818 3052 et
870 2979 1149 3072 capitulo
1199 2979 1764 3051 Aurelianensibus
1839 2984 2111 3054 salutem
2157 2995 2222 3052 et
2289 2982 2711 3074 apostolicam

459 3094 1012 3169 benedictionem.
1054 3099 1264 3167 Cuma
1292 3096 1477 3167 nobis
1507 3096 1741 3186 petitur
1778 3098 1949 3185 quod
1973 3099 2219 3186 justum
2246 3109 2346 3169 est
2385 3109 2449 3168 et
2483 3101 2721 3169 bones-

463 3227 633 3296 tum,
676 3224 805 3281 tam
852 3209 1032 3301 vigor
1082 3207 1383 3300 equitatis
1421 3232 1612 3301 quam
1672 3209 2064 3300 ordo’exigit
2101 3209 2369 3282 rationis
2410 3224 2478 3281 ut
2508 3212 2570 3281 id
2603 3235 2715 3304 per

461 3323 968 3397 sollicitudinem
1022 3323 1213 3394 oflicii
1272 3322 1472 3393 nostri
1514 3323 1593 3392 ad
1643 3321 1930 3393 debitum
1968 3326 2351 3413 perducatur
2389 3327 2716 3396 effectum.

469 3438 893 3531 significastis
941 3437 1258 3528 siquidem
1306 3439 1493 3507 nobis
1527 3440 1697 3527 quod
1740 3460 1890 3507 cum
1918 3437 2193 3534 ecclesia
2222 3453 2455 3525 vestra,
2492 3439 2557 3510 in
2598 3465 2721 3532 qua

472 3568 575 3625 est
604 3568 819 3624 certus
855 3550 1317 3623 canonicorum
1359 3572 1665 3621 numerus
1696 3551 2051 3637 institutus,
2087 3554 2456 3644 juramento
2495 3556 2721 3627 firma-

472 3683 580 3737 tus
617 3681 682 3738 et
708 3689 821 3758 per
859 3669 1079 3737 sedem
1122 3663 1535 3756 apostolicam
1577 3667 2018 3748 confirmatuS,
2065 3682 2322 3757 propter
2364 3673 2718 3740 canonico-

472 3805 614 3853 rum
655 3780 1011 3852 absentiam
1043 3783 1367 3851 desectum
1410 3781 1476 3848 in
1515 3778 1742 3849 divinis
1784 3779 2158 3852 multotiens
2198 3796 2545 3872 pateretur,
2580 3806 2719 3866 vos,

472 3911 544 3968 ut
573 3899 654 3966 ad
694 3894 1105 3967 residendum
1148 3908 1210 3964 et
1264 3891 1677 3964 serviendum
1718 3892 2023 3964 libentius
2050 3892 2113 3964 in
2151 3898 2373 3966 eadem
2411 3898 2724 3968 inducan-

470 4027 580 4081 tur
615 4012 947 4090 absenteS‚
1000 4006 1459 4095 deliberatione
1516 4006 1773 4098 provida
1826 4030 1951 4078 una
2018 4031 2162 4078 cum
2206 4011 2372 4081 bone
2414 4011 2722 4083 memorie

474 4124 812 4216 phylippo,
846 4123 1287 4194 Aurelianensi
1320 4120 1652 4212 episcopo,
1696 4121 2011 4193 statuistis
2032 4126 2202 4213 quod
2244 4123 2513 4215 singulis
2531 4148 2724 4197 cano-

475 4237 641 4310 nicis
672 4236 779 4329 qui
821 4234 1052 4307 divinis
1112 4236 1430 4306 intersunt
1492 4235 1725 4307 olficiis
1761 4235 2032 4326 singulis
2073 4236 2300 4309 diebus
2339 4241 2420 4309 de
2458 4242 2723 4330 quibus-

476 4357 623 4425 dam
663 4350 1019 4423 redditibus
1080 4373 1245 4442 quos
1306 4351 1474 4421 idem
1524 4349 1871 4442 episcopus
1929 4364 1993 4421 et
2054 4351 2309 4442 quidam
2350 4352 2452 4423 alii
2491 4354 2723 4425 Christi

478 4467 704 4537 fideles
743 4467 954 4536 eidem
996 4464 1271 4536 ecclesie
1333 4466 1409 4534 ad
1452 4463 1513 4532 id
1564 4464 1917 4536 contulisse
1975 4468 2282 4537 dicuntur
2328 4483 2499 4538 certa
2540 4468 2724 4558 panis

478 4577 844 4651 distributio
889 4578 1279 4669 assignetur.
1336 4580 1411 4647 Et
1455 4576 1599 4668 quia
1632 4577 1822 4649 iidem
1876 4579 2163 4651 redditus
2228 4604 2353 4651 non
2395 4584 2723 4652 sufficiunt

479 4717 593 4786 per
624 4692 823 4765 totius
861 4692 1008 4763 anni
1041 4693 1352 4764 circulum
1390 4692 1469 4762 ad
1509 4691 2030 4765 distributionem
2072 4697 2441 4785 hujusmodi
2481 4699 2727 4767 facien-

660 4834 807 4891 κήκ.
846 4848 981 4892 xxx.
2487 4836 2560 4891 24
