3485 5571
1352 630 1428 643 —
1476 597 1592 660 5⁹25
1658 635 1709 646 -

382 736 637 795 terram
693 725 1026 814 cujusdam
1081 722 1246 794 servi
1296 723 1597 805 ecclesie,
1656 722 1901 794 Britelli
1951 722 2228 806 scilicet,
2263 746 2389 813 que
2431 737 2533 794 est
2588 725 2658 792 in

383 859 564 927 pago
617 834 966 907 Pitverensi
1014 849 1144 907 tam
1191 834 1253 906 in
1292 850 1503 907 castro
1535 858 1728 926 quam
1782 839 1955 926 juxta
2003 851 2310 919 castrum,
2354 859 2492 905 mea
2530 857 2666 926 per-

383 948 709 1021 missione
748 964 811 1021 et
852 949 1141 1021 consilio
1197 949 1402 1041 pretio
1442 964 1701 1020 centum
1734 952 2036 1020 librarum
2090 948 2209 1020 sibi
2258 972 2664 1040 comparave-

378 1078 566 1134 runt.
604 1068 784 1134 Valet
822 1077 1032 1134 autem
1072 1078 1238 1157 terra
1284 1062 1387 1133 illa
1427 1077 1555 1132 tam
1609 1062 1673 1132 in
1726 1086 1925 1134 censu
1967 1078 2031 1135 et
2060 1062 2307 1134 decima
2348 1087 2538 1153 quam
2582 1062 2645 1132 in

377 1176 757 1269 hospitibus
777 1191 840 1248 et
880 1177 1001 1248 alio
1035 1192 1199 1248 terre
1220 1176 1387 1248 exitu
1415 1180 1642 1247 decem
1676 1176 1870 1248 libras
1897 1192 1960 1248 et
1983 1201 2060 1249 eo
2083 1177 2358 1268 amplius
2392 1201 2503 1268 per
2519 1177 2654 1247 sin-

378 1295 581 1383 gulos
604 1314 831 1362 annos.
875 1295 1005 1382 Ego
1046 1314 1193 1361 vero
1216 1305 1448 1361 terram
1478 1291 1977 1382 illamepiscopo
2001 1294 2180 1362 valde
2204 1294 2424 1362 utilem
2457 1306 2520 1362 et
2549 1313 2656 1362 ne-

384 1409 745 1478 cessariam
778 1413 1187 1497 postmodum
1225 1405 1668 1490 consideranS,
1695 1407 2026 1477 canonicis
2049 1415 2261 1478 autem
2303 1404 2518 1476 minus
2551 1405 2668 1476 uti-

384 1523 523 1591 lem
545 1533 802 1612 propter
817 1543 1040 1591 eorum
1060 1520 1509 1602 remotionem,
1533 1519 1843 1612 postulavi
1863 1524 1941 1589 ab
1956 1519 2073 1603 εἰς,
2102 1534 2319 1610 utpote
2339 1523 2416 1590 ab
2438 1519 2665 1590 amicis

387 1636 587 1719 meiS,
603 1634 903 1725 quatinus
919 1658 993 1705 ea
1010 1634 1201 1705 michi
1227 1649 1292 1705 et
1311 1637 1805 1706 successoribus
1836 1633 1996 1705 meis
2015 1635 2078 1703 in
2100 1652 2477 1725 perpetuum
2499 1658 2652 1705 con-

391 1751 711 1821 cederent
733 1763 799 1820 et
814 1751 1145 1819 donarent.
1164 1748 1255 1819 Illi
1280 1747 1596 1840 siquidem
1612 1750 1986 1840 petitionem
2006 1771 2215 1820 meam
2232 1748 2669 1839 benignesus-

389 1861 743 1955 cipienteS,
773 1885 980 1954 neque
1001 1866 1080 1932 de
1107 1886 1245 1934 mea
1268 1886 1414 1953 erga
1442 1886 1555 1934 eos
1585 1864 2015 1934 benivolentia
2055 1863 2189 1934 sive
2219 1860 2661 1934 munificentia

393 1977 799 2062 diffidenteS,
833 1976 1136 2048 voluntati
1167 2000 1306 2049 mee
1334 1977 1605 2049 libenter
1626 1979 1844 2048 animo
1876 1977 2364 2069 adquieverunt.
2396 1982 2663 2049 Tantam

391 2113 557 2181 ergo
598 2104 661 2161 et
701 2104 827 2161 tam
870 2090 1214 2180 benignam
1256 2113 1478 2160 eorum
1512 2089 1869 2181 largitatem
1905 2114 2030 2162 non
2071 2088 2398 2181 indiguam
2443 2114 2656 2161 remu-

394 2204 736 2276 neratione
771 2204 1159 2296 dijudicans,
1216 2204 1698 2295 recompensari
1736 2205 1832 2277 eis
1882 2208 2106 2277 decern
2149 2205 2342 2276 libras
2383 2206 2664 2277 Aurelia-

397 2318 635 2390 nensis
674 2332 929 2390 monete
961 2321 1026 2388 in
1056 2317 1232 2389 altari
1264 2333 1327 2389 et
1354 2319 1551 2389 calice
1583 2318 1858 2410 singulis
1897 2323 2089 2390 annis
2118 2318 2555 2411 accipiendas,
2583 2342 2660 2390 eo

392 2432 701 2505 videlicet
729 2435 917 2503 modo
949 2434 1119 2522 quod
1155 2456 1189 2503 a
1232 2431 1440 2523 vigilia
1466 2432 1789 2504 dominice
1829 2457 1953 2524 qua
2006 2446 2300 2504 cantatur
2350 2436 2470 2504 Isti
2504 2445 2663 2505 sunt

390 2549 539 2617 dies
596 2549 929 2618 custodem
984 2571 1171 2617 suum
1212 2545 1368 2616 inibi
1422 2561 1686 2638 ponent,
1727 2547 1837 2638 qui
1900 2570 2127 2618 omnes
2166 2546 2526 2618 oblationes
2573 2549 2654 2618 ad

395 2659 785 2752 episcopum
815 2660 1209 2751 pertinentes
1226 2659 1365 2731 sine
1392 2683 1669 2751 expensa
1701 2658 1989 2751 recipiet,
2017 2664 2224 2732 donec
2251 2659 2314 2730 in
2333 2662 2656 2751 integrum

397 2779 631 2847 decem
670 2774 862 2846 libras
915 2778 1256 2867 receperit.
1294 2778 1524 2847 Custos
1563 2798 1712 2847 vero
1744 2773 2031 2867 episcopi
2068 2777 2146 2846 de
2187 2777 2488 2867 expensis
2518 2799 2663 2867 pro·

395 2888 667 2972 videbit,
730 2903 793 2960 et
864 2904 1133 2980 uterque
1190 2890 1316 2960 sibi
1356 2889 1626 2961 invicem
1670 2873 2041 2960 fidelitatem
2092 2891 2350 2960 facient.
2394 2894 2525 2961 Hoc
2572 2888 2660 2961 ita

402 3003 771 3076 faciendum
823 3003 1093 3095 singulis
1132 3002 1320 3075 annis
1353 3001 1660 3095 precipio,
1712 3019 1778 3075 et
1822 3027 1902 3075 ne
1933 3003 2164 3095 aliquis
2202 3027 2655 3076 successorum

397 3141 695 3189 meorum
752 3116 1190 3189 contradicere
1218 3130 1327 3188 aut
1366 3117 1727 3189 disturbare
1779 3119 1995 3209 aliquo
2036 3120 2227 3189 modo
2261 3121 2491 3189 audeat
2529 3123 2651 3190 sub

398 3236 809 3305 anathemate
841 3231 1174 3322 prohibeo.
1202 3229 1266 3303 Si
1303 3230 1448 3324 quis
1474 3247 1715 3315 autem,
1746 3235 1916 3323 quod
1958 3231 2148 3315 absit,
2183 3234 2307 3304 hoc
2341 3247 2654 3305 attentare

399 3344 890 3440 presumpserit,
925 3345 989 3415 in
1022 3343 1280 3417 arbitrio
1322 3348 1783 3417 canonicorum
1824 3344 1942 3416 erit
1978 3369 2235 3417 cessare
2280 3359 2345 3418 et
2388 3361 2513 3417 tam
2551 3349 2661 3417 diu

399 3460 747 3533 ecclesiam
790 3459 1173 3531 interdicere
1227 3463 1434 3531 donec
1486 3476 1548 3531 et
1589 3463 1937 3551 dampnum
1979 3460 2345 3532 restitutum
2379 3475 2441 3532 et
2473 3484 2661 3533 ·con-

406 3575 599 3666 digna
637 3579 737 3646 eis
787 3573 1061 3645 exhibita
1117 3574 1308 3645 fuerit
1365 3572 1738 3645 satisfactio.
1775 3578 1904 3646 Hoc
1953 3574 2144 3645 etiam
2187 3577 2662 3647 adnectendum

402 3713 554 3763 esse
587 3688 861 3781 judicavi
927 3692 1094 3781 quod
1158 3688 1423 3780 predicti
1456 3692 1649 3760 amici
1708 3689 1829 3760 mei
1871 3701 1938 3761 et
1976 3689 2083 3761 filii
2128 3692 2326 3762 multa
2378 3692 2511 3781 jam
2563 3690 2660 3762 eis

403 3819 470 3877 et
505 3803 781 3876 ecclesie
824 3827 938 3876 sue
995 3828 1029 3875 a
1088 3828 1191 3875 me
1229 3807 1548 3876 beneficia
1580 3807 1808 3876 collata
1849 3808 2281 3891 attendenteS,
2326 3809 2406 3877 de
2445 3809 2662 3877 conle-

405 3917 623 3989 rendis
689 3933 901 3989 autem
964 3921 1196 3989 bonam
1252 3905 1398 3988 cum
1439 3917 1671 3988 fiducia
1715 3940 1896 4009 spem
1956 3922 2293 4007 habenteS,
2338 3942 2413 3990 ex
2465 3919 2660 3989 libera

334 4018 365 4096 ¹.
407 4034 731 4104 voluntate
795 4055 909 4101 sua
974 4031 1481 4102 anniversarium
1558 4055 1800 4115 meum,
1847 4032 2042 4123 patris
2071 4034 2260 4105 etiam
2327 4046 2391 4103 et
2440 4031 2657 4104 matris

412 4168 556 4215 mee
607 4168 859 4216 necnon
903 4159 966 4215 et
1032 4146 1233 4235 patrui
1275 4146 1423 4228 mei,
1471 4144 1690 4215 domni
1729 4144 2029 4217 videlicet
2070 4145 2400 4238 Stephani,
2433 4146 2658 4217 decani

407 4282 655 4345 eorum,
692 4282 761 4329 se
788 4261 852 4328 in
883 4273 1266 4350 perpetuum
1290 4263 1568 4331 tacturos
1596 4275 2087 4332 concesserunt.
2123 4265 2413 4332 Preterea
2445 4260 2659 4352 gracia

406 4387 470 4445 et
506 4397 722 4445 amore
764 4371 1005 4444 domini
1048 4376 1175 4445 mei
1245 4376 1416 4464 regis
1457 4375 1786 4458 Ludovici,
1832 4375 2134 4445 Ludovici
2191 4373 2331 4459 filii,
2395 4389 2656 4446 centum

410 4486 653 4559 solidos
714 4489 1004 4578 ejusdem
1068 4501 1324 4559 monete
1383 4488 1445 4557 in
1508 4488 1689 4559 altari
1752 4503 1817 4559 et
1873 4488 2071 4559 calice
2134 4487 2404 4579 singulis
2467 4491 2660 4559 annis

408 4600 812 4695 recipiendos
852 4600 1153 4692 predictis
1194 4601 1526 4674 canonicis
1567 4601 1820 4689 donavi,
1865 4602 1949 4673 ita
1989 4616 2059 4673 ut
2098 4604 2160 4673 in
2224 4602 2327 4675 die
2367 4603 2658 4673 anniver-
