3485 5571
1756 659 2113 723 —210—

811 805 941 864 tem
978 789 1270 883 paginam
1311 788 1501 882 sigilli
1543 787 1745 860 nostri
1786 785 2163 858 auctoritate
2194 797 2259 856 et
2292 781 2446 875 regii
2502 783 2782 856 nominis
2843 807 3049 856 carac-

811 919 944 978 tere
984 902 1248 976 interius
1286 916 1591 975 annotato
1635 900 2043 992 precepimus
2095 896 2485 970 confirmari.
2543 898 2826 991 [Actum]
2890 900 3051 989 apud

811 1022 1087 1092 Montem
1130 1017 1300 1111 Argi,
1341 1040 1513 1089 anno
1562 1019 1641 1087 ab
1691 1014 2137 1086 incarnatione
2185 1011 2442 1084 Domini
2502 1015 2581 1082 ΜΟ
2642 1015 2767 1083 CC⁰
2824 1011 3050 1103 primo,

810 1132 989 1223 regni
1030 1155 1177 1205 vero
1235 1132 1434 1203 nostri
1477 1133 1690 1202 xxllo.
1747 1126 2116 1200 Astantibus
2126 1180 2260 1198 .....
2306 1129 2449 1220 (sic)
2501 1127 3051 1217 (Monoqramme).

811 1250 969 1317 Data
1008 1260 1273 1318 vacante
1303 1244 1709 1317 cancellaria.

1802 1631 2094 1691 CXXVlll

1642 1906 2029 1986 Septembre
2068 1904 2219 1968 1201

809 2156 1058 2229 Hugues,
1091 2156 1302 2230 &eque
1353 2156 1666 2227 d'Orleans,
1709 2157 1898 2213 donne
1948 2157 1981 2212 ὁ
2027 2157 2419 2214 Sainte-Croix
2470 2159 2553 2214 les
2600 2159 2845 2215 maisons
2901 2166 2958 2216 et
3012 2160 3061 2214 le

878 2269 1074 2324 verger
1115 2253 1252 2325 qu'il
1282 2270 1315 2309 a
1339 2253 1564 2310 anheles
1585 2255 1617 2309 a
1647 2254 1839 2309 Eudes
1863 2253 1961 2308 des
1992 2254 2236 2320 Roches,
2269 2256 2302 2308 a
2324 2254 2619 2312 condition
2655 2254 2822 2327 qu’ils
2868 2261 3064 2312 serent

873 2349 1074 2405 baillos
1102 2351 1135 2403 a
1162 2366 1252 2406 ses
1280 2365 1496 2405 neveux
1523 2366 1668 2422 pour
1692 2366 1806 2405 une
1837 2349 2072 2421 pension
2103 2350 2172 2406 de
2198 2349 2269 2405 20
2293 2366 2449 2421 sone,
2482 2351 2714 2423 payable
2742 2350 3060 2410 seulement

873 2446 1040 2517 apres
1068 2462 1130 2501 sa
1158 2452 1327 2502 mort.

968 2591 1141 2663 (Orig.
1173 2610 1220 2647 s.
1248 2593 1434 2664 pat-ch.
1463 2592 1633 2648 Arch.
1668 2593 1744 2647 du
1775 2592 1983 2664 Loiret,
2011 2595 2077 2650 G.
2103 2593 2244 2666 2683
2275 2593 2526 2650 mention
2554 2594 2903 2667 Scriptum).

894 2839 963 2905 ln
994 2833 1254 2906 nomine
1309 2848 1532 2907 sancte
1567 2846 1632 2907 et
1669 2836 2002 2907 individue
2058 2834 2408 2919 Trinitatis,
2453 2838 2658 2926 Hugo,
2700 2833 2815 2906 Dei
2855 2833 3057 2924 gratia

804 2946 1280 3020 Aurelianensis
1319 2947 1689 3041 episcopuS,
1753 2948 2054 3021 omnibus
2112 2947 2174 3019 in
2237 2962 2646 3040 perpetuum.
2712 2953 2759 3019 A
2821 2950 3053 3039 cogni-

806 3065 984 3135 tione
1024 3061 1421 3154 presentium
1463 3065 1761 3134 volumus
1811 3066 1890 3135 ad
1936 3062 2224 3134 notitiam
2280 3064 2618 3154 pervenire
2653 3065 3056 3153 singulorum

805 3178 973 3269 quod
1011 3199 1120 3248 eas
1160 3178 1391 3248 domos
1420 3199 1580 3266 quas
1619 3180 1698 3248 ab
1739 3179 1967 3249 Odone
2006 3179 2086 3248 de
2118 3175 2403 3269 Rupibus
2432 3175 2707 3248 emimus
2736 3199 2885 3247 cum
2928 3177 3060 3248 vir-

808 3293 984 3384 gulto
1022 3303 1087 3362 et
1126 3289 1511 3384 appenditiis
1536 3289 1817 3384 capitulo
1854 3289 2295 3363 Aurelianensi
2336 3289 2806 3362 concessimus.
2843 3295 3059 3383 Ipsum

810 3426 1067 3496 quoque
1125 3403 1474 3496 capitulum
1537 3404 1900 3477 karissimis
1961 3405 2306 3500 nepotibus
2353 3403 2593 3477 nostris
2654 3409 2944 3477 Manasse
2997 3419 3061 3477 et

812 3518 1057 3612 Hugoni
1095 3519 1394 3592 tratribus
1444 3522 1675 3591 domos
1712 3535 1777 3592 et
1816 3519 2180 3613 appenditia
2212 3542 2361 3592 cum
2401 3521 2678 3612 virgulto
2715 3522 2793 3590 ad
2825 3542 3062 3612 preces

754 3619 757 3621 ’
814 3647 1070 3707 nostras
1108 3634 1382 3726 benigne
1414 3635 1740 3706 concessit
1795 3638 1916 3706 sub
1964 3658 2175 3707 annua
2208 3634 2521 3727 pensione
2557 3638 2661 3705 XX
2703 3632 3062 3706 solidorum

724 3803 733 3812 .
812 3773 848 3821 a
890 3747 1193 3842 predictis
1220 3753 1508 3821 Manasse
1546 3762 1610 3822 et
1640 3753 1906 3841 Hugone
1938 3764 2085 3841 post
2124 3752 2467 3822 decessum
2493 3764 2787 3821 nostrum
2815 3771 3062 3821 annua-

814 3863 924 3934 tim
955 3864 1235 3957 capitulo
1273 3866 1752 3936 solvendorum.
1790 3865 1916 3955 Ipsi
1952 3878 2167 3937 tamen
2207 3862 2512 3955 quamdiu
2553 3886 2676 3935 nos
2714 3860 3063 3935 vixerimus

815 3980 1192 4070 pensionem
1241 3977 1414 4050 illam
1456 3981 1703 4051 solvere
1762 4001 1890 4050 non
1931 3980 2350 4051 tenebuntur.
2396 3981 2582 4065 Quod
2622 3992 2689 4048 ut
2750 3992 3060 4071 perpetua

807 4093 1152 4165 stabilitate
1192 4106 1584 4185 perseveret,
1625 4115 1898 4185 presens
1936 4093 2246 4185 scriptum
2286 4092 2489 4165 nostri
2531 4093 2804 4164 fecimus
2860 4090 3060 4183 sigilli

803 4206 1161 4279 munimine
1200 4207 1511 4305 roborari.
1547 4211 1775 4279 Actum
1795 4230 1964 4279 anno
2007 4209 2210 4299 gratie
2250 4211 2301 4278 Μ
2344 4205 2790 4280 ducentesimo
2820 4205 3057 4297 primo,

801 4344 1025 4394 mense
1064 4320 1440 4413 septembri.
