3485 5571
1687 622 2045 687 —538—

743 759 897 826 Item
938 751 1415 825 installaciones
1461 754 1764 822 abbatum
1825 752 2043 822 Sancti
2081 748 2394 821 Maximini
2450 763 2514 821 et
2554 748 2770 821 Sancti
2803 752 2998 820 Evur-

833 868 914 940 cii
941 880 1234 959 spectant
1271 870 1349 937 ad
1380 868 1595 958 ipsum
1623 867 1965 946 decanum,
1992 877 2056 936 et
2088 867 2404 936 debentur
2432 862 2489 935 ei
2516 863 2937 954 quadraginta
2976 865 2995 909 ¹

834 983 1018 1055 solidi
1070 979 1342 1073 predicti
1401 982 1653 1052 abbatis
1695 979 1910 1051 Sancti
1959 977 2294 1061 Maximini,
2356 980 2472 1050 sed
2523 1001 2640 1071 pro
2699 981 2991 1049 installa-

833 1096 1020 1168 cione
1060 1093 1276 1167 Sancti
1312 1093 1562 1166 Evurcii
1604 1093 1832 1164 nichil.

745 1216 906 1283 Item
944 1213 1133 1281 habet
1179 1209 1624 1280 visitacionem
1664 1222 1728 1279 et
1770 1207 2295 1300 procuracionem
2334 1210 2399 1278 in
2452 1206 2727 1299 prioratu
2758 1209 2836 1279 de
2876 1211 2994 1278 Se-

783 1390 787 1394 .
835 1348 1043 1417 mayo.

748 1445 905 1511 Item
935 1437 998 1508 in
1038 1436 1422 1530 prioratibus
1463 1436 1679 1507 Sancti
1707 1436 2024 1507 Laurentii
2060 1450 2126 1507 et
2159 1440 2239 1507 de
2296 1440 2497 1507 Ponte
2537 1438 2983 1507 Monachorum

838 1551 1362 1646 procuracionem
1423 1564 1667 1621 tantum
1733 1576 1751 1634 3
1823 1564 2037 1622 tamen
2097 1549 2309 1622 visitat
2365 1550 2711 1622 ecclesiam
2775 1548 2990 1621 Sancti

837 1664 1193 1738 Laurencii.

745 1786 905 1854 Item
936 1780 999 1851 in
1040 1779 1339 1853 omnibus
1375 1777 1671 1851 ecclesiis
1712 1777 1865 1849 dicti
1909 1780 2284 1864 decanatu8‚
2325 1777 2639 1870 exemptis
2675 1776 2987 1870 exceptis,

836 1894 1277 1968 visitacionem
1309 1908 1372 1965 et
1413 1917 1540 1966 non
1575 1890 2137 1986 procuracionem.

750 2015 906 2082 Item
946 2024 1035 2095 et,
1069 2009 1379 2101 quociens
1399 2022 1577 2080 vacat
1600 2006 1809 2098 aliqua
1840 2005 2256 2099 parrochialis
2286 2006 2559 2079 ecclesia
2587 2006 2650 2078 in
2683 2010 2994 2080 decanatu

842 2125 1154 2216 predicto,
1197 2137 1492 2213 spectant
1536 2145 1765 2194 omnes
1799 2125 2117 2193 obventus
2157 2120 2362 2213 ipsius
2414 2119 2693 2194 ecclesie
2749 2123 2829 2192 ad
2869 2121 2997 2192 dic-

832 2252 965 2309 tum
1001 2241 1344 2321 decanum,
1385 2249 1531 2328 post
1569 2235 2133 2328 quadragesimum
2174 2236 2343 2307 diem
2378 2259 2414 2306 a
2466 2249 2755 2328 tempore
2813 2259 2993 2307 vaca-

840 2353 1046 2425 cionis
1070 2354 1580 2444 computandum
1621 2373 1958 2441 quousque
2008 2373 2213 2422 novus
2253 2364 2464 2422 rector
2502 2350 2674 2423 dicte
2715 2349 2991 2423 ecclesie

844 2467 1034 2539 fuerit
1072 2467 1136 2536 in
1177 2469 1378 2537 sacris
1418 2464 1751 2536 ordinibus
1776 2466 2196 2536 constitutus,

762 2587 948 2666 Item,
986 2581 1296 2672 quociens
1355 2593 1534 2650 vacat
1573 2577 1782 2669 aliqua
1814 2581 2234 2650 ecclesiarum
2276 2578 2426 2651 dicti
2463 2582 2815 2651 decanatus
2863 2594 3003 2672 post

843 2699 1073 2766 testum
1132 2693 1436 2765 Omnium
1495 2697 1904 2776 Sanctorum,
1965 2693 2018 2763 si
2081 2697 2445 2765 conteratur
2500 2691 2690 2764 alicui
2745 2708 2813 2765 et
2871 2717 2995 2765 non

837 2810 1267 2881 constituatur
1292 2809 1355 2878 in
1397 2810 1600 2879 sacris
1631 2807 1792 2878 infra
1835 2811 2105 2879 Pascha.

753 2932 942 3012 Item,
970 2929 1228 3017 quando
1267 2939 1449 2996 vacat
1489 2923 1701 3015 aliqua
1739 2927 1819 2996 de
1851 2924 2045 2995 dictis
2070 2923 2366 2997 ecclesiis
2397 2938 2543 3016 post
2574 2930 2845 3010 Pascha,
2875 2925 2999 2997 cui·

841 3063 1117 3131 cumque
1158 3044 1545 3123 conferatur,
1587 3060 1816 3111 omnes
1856 3039 2063 3129 grossi
2122 3042 2370 3110 fructus
2401 3038 2573 3111 illius
2626 3041 2775 3111 anni
2817 3063 2999 3132 spec-

843 3168 981 3227 tant
1010 3156 1090 3225 ad
1115 3153 1326 3246 ipsum
1367 3156 1682 3225 decanum
1711 3166 1775 3224 et
1813 3156 1890 3224 ad
1924 3152 2556 3246 archipresbiterum,
2589 3152 2889 3226 videlicet
2925 3157 2998 3225 ad

850 3271 1064 3361 ipsum
1093 3271 1405 3339 decanum
1445 3290 1559 3359 pro
1596 3270 1846 3339 duabus
1878 3269 2165 3360 partibus
2194 3281 2259 3340 et
2283 3271 2362 3340 ad
2398 3267 2996 3360 archipresbiterum

847 3407 961 3475 pro
1003 3381 1220 3453 tercia.

759 3503 914 3570 Item
983 3494 1437 3566 instituciones
1495 3507 1561 3565 et
1627 3494 2090 3567 destituciones
2151 3498 2600 3586 magistrorum
2664 3500 2998 3568 domorum

846 3610 962 3682 Dei
1004 3624 1068 3681 et
1108 3608 1324 3680 Sancti
1382 3607 1586 3679 Lazari
1620 3607 1684 3678 in
1730 3609 1904 3680 dicto
1956 3612 2270 3680 decanatu
2324 3612 2404 3679 ad
2438 3608 2652 3701 ipsum
2690 3614 2999 3683 decanum

851 3737 1173 3817 spectant,
1229 3737 1294 3794 et
1324 3734 1621 3793 tenentur
1678 3723 1828 3794 dicti
1894 3722 2177 3813 magistri
2218 3725 2488 3795 reddere
2545 3724 2718 3796 dicto
2764 3728 3002 3797 decano

849 3853 1219 3931 compotum
1260 3850 1322 3907 et
1351 3838 1674 3908 racionem
1710 3836 2349 3909 administracionum
2372 3861 2663 3910 suarum.

763 3960 919 4027 Item
958 3949 1482 4045 presentaciones
1507 3954 1587 4022 ad
1616 3954 1930 4024 ecclesias
1964 3950 2122 4023 dicti
2150 3955 2500 4025 decanatus
2525 3966 2829 4026 vacantes
2860 3967 3003 4025 sunt

850 4067 972 4161 ipsi
1001 4067 1246 4136 decano
1280 4088 1316 4136 a
1353 4064 1642 4157 patronis
1682 4065 1971 4138 faciende
1997 4081 2060 4138 et
2094 4090 2205 4159 per
2242 4067 2452 4158 ipsum
2489 4070 2803 4140 decanum
2839 4071 3002 4161 epis·

857 4202 1045 4274 copo.

775 4460 784 4465 ,
805 4459 910 4464 --
951 4457 1484 4464 ’Δύμ-
1516 4458 1520 4460 Α
1581 4457 1664 4462 .-—--
1705 4457 1871 4461 *7-——
1890 4457 1899 4458 κ
1932 4457 2193 4462 ——m—
2244 4458 2589 4462 *v—-ffi-
2630 4459 2639 4462 -
2668 4455 3001 4462 Ἣ

834 4646 851 4680 ¹
900 4643 1082 4698 D'une
1110 4650 1282 4699 autre
1312 4642 1476 4697 main
1517 4659 1528 4696 :
1564 4643 1865 4711 sexaginta.
