3485 5571
1755 664 2064 726 ..60-

1827 991 1993 1051 XXX

910 1225 1263 1297 Benevent,
1314 1223 1391 1287 14
1413 1223 1765 1288 decembre
1805 1223 1913 1304 (19
1956 1224 2081 1286 cal.
2107 1223 2397 1304 janvier)
2457 1219 2638 1303 [1167
2668 1220 2706 1283 a
2737 1219 2914 1302 1169]

789 1455 1105 1513 Alexandre
1127 1453 1215 1511 111
1238 1454 1509 1510 confir-me
1536 1452 1776 1508 l'accord
1805 1450 2008 1507 conclu
2056 1452 2185 1522 parj
2214 1448 2604 1522 l'archeveque
2658 1449 2728 1505 de
2783 1449 3036 1519 Boni-ges

862 1558 1019 1609 entre
1044 1553 1100 1608 Ie
1134 1551 1385 1623 chapitre
1409 1556 1463 1606 et
1489 1546 1758 1621 Regnaud
1788 1547 1858 1604 de
1887 1550 2099 1620 Grac-ay
2125 1551 2467 1602 concernunt
2497 1546 2705 1619 Mai-ay.

942 1724 1141 1797 (Gopie
1166 1724 1236 1779 de
1264 1721 1488 1793 Baline,
1519 1737 1575 1793 p.
1599 1719 1689 1776 29.
1722 1751 1794 1761 —
1823 1717 1962 1776 Pub.
1995 1717 2334 1787 Loevenfeld,
2364 1715 2656 1790 Epistola,
2675 1734 2735 1790 p.
2772 1716 2919 1791 139.)

877 1941 1227 2018 Alexander
1276 1938 1649 2030 episcopus,
1708 1960 1934 2009 servus
1998 1959 2331 2008 servorum
2392 1935 2533 2020 Dei,
2577 1935 2829 2009 dilectis
2884 1937 3037 2010 filiis

788 2054 1051 2146 capituli
1109 2050 1402 2124 ecclesiae
1457 2057 1708 2124 Sanctae
1777 2050 1998 2123 Crucis
2062 2052 2562 2136 Aurelianensis,
2624 2054 2892 2124 salutem
2974 2067 3041 2125 et

788 2173 1207 2262 apostolicam
1249 2168 1790 2240 benedictionem.
1836 2171 2141 2259 lnjunctae
2200 2168 2387 2240 nobis
2443 2161 3043 2242 amministrationis

788 2285 1003 2358 officio
1031 2296 1095 2356 et
1135 2282 1518 2375 pontificalis
1555 2280 2011 2355 sollicitudinis
2037 2284 2253 2356 debito
2275 2306 2789 2367 commonemur,
2823 2295 2892 2354 ut
2933 2307 3040 2370 ea,
3167 2379 3178 2384 q

789 2423 931 2493 quae
970 2396 1438 2490 compositione
1479 2400 1575 2469 vel
1610 2396 1856 2490 judicio
1903 2410 2054 2469 sunt
2092 2398 2452 2484 terminata,
2495 2397 2866 2491 apostolicae
2903 2399 3045 2470 tui-

788 2513 984 2586 tionis
1031 2510 1388 2584 munimine
1451 2515 1857 2597 roboremus,
1923 2526 1989 2584 et
2046 2527 2369 2606 perpetuae
2432 2511 2748 2584 firmitatis
2805 2517 3042 2587 robore

789 2630 1152 2698 fulciamus.
1214 2629 1592 2719 Eapropter‚
1654 2629 1887 2698 vestris
1949 2626 2138 2718 justis
2196 2626 2734 2719 postulationibus
2782 2643 3038 2721 gratum

788 2743 1233 2835 impertientes
1295 2763 1661 2824 assensum,
1723 2740 2306 2834 compositionem¹
2377 2764 2519 2833 quae
2579 2741 2743 2814 inter
2794 2765 2907 2814 vos
2973 2756 3042 2815 et

791 2856 1164 2928 Rainaldum
1224 2858 1305 2927 de
1375 2855 1712 2929 Craceiaco
1774 2878 1969 2947 super
2028 2854 2410 2946 quibusdam
2454 2855 3038 2929 consuetudinibus

789 2979 947 3061 quas
986 2969 1154 3042 idem
1196 2975 1276 3042 R.
1320 2968 1386 3041 in
1419 2985 1584 3041 terra
1620 2969 1919 3042 ecclesiae
1952 2984 2178 3041 vestrae
2224 2972 2303 3041 de
2333 2970 2601 3042 Maziaco
2641 2971 3033 3061 requirebat,

788 3084 1110 3156 mediante
1144 3107 1290 3156 ven.
1323 3086 1512 3156 fratre
1551 3097 1774 3155 nostro
1805 3086 2079 3177 P[etro],
2109 3083 2487 3172 Bituricensi
2520 3084 3037 3179 archiepiscopO,

789 3200 870 3269 de
909 3197 1309 3290 beneplacito
1346 3212 1411 3271 et
1464 3221 1736 3271 assensu
1778 3199 2108 3290 utriusque
2146 3197 2345 3290 partis
2384 3202 2546 3272 iacta
2585 3212 2687 3271 est
2742 3213 2804 3272 et
2860 3202 3035 3285 data,

786 3312 1088 3384 hincinde
1149 3315 1273 3384 fide
1344 3316 1615 3399 firmata,
1698 3312 1867 3385 sicut
1931 3317 1996 3385 in
2059 3312 2404 3386 autenticis
2469 3313 2727 3407 scriptis
2801 3314 3034 3387 exinde

787 3426 972 3498 iactis
1007 3426 1401 3512 continetur,
1460 3427 1839 3499 auctoritate
1889 3428 2238 3519 apostolica
2297 3431 2784 3514 confirmamus,
2835 3441 2921 3512 et,
2961 3442 3040 3499 ut

788 3543 1016 3611 futuris
1054 3544 1456 3633 temporibus
1518 3540 1968 3614 inviolabiliter
2032 3546 2433 3627 observetur,
2492 3566 2633 3615 eam
2691 3545 3038 3635 praesentis

791 3654 1012 3747 scripti
1053 3654 1403 3745 patrocinio
1452 3656 1953 3742 communimus,
2014 3670 2369 3729 statuentes
2429 3671 2496 3727 ut
2558 3656 2712 3728 nulli
2766 3654 3034 3729 omnino

788 3767 1120 3841 hominum
1155 3767 1340 3841 liceat
1369 3773 1538 3841 hanc
1565 3771 1860 3863 paginam
1890 3785 2126 3842 nostrae
2157 3770 2635 3855 constitutionis
2657 3771 3031 3862 infringere,

791 3885 885 3953 vel
918 3880 976 3954 ei
1015 3881 1415 3973 aliquatenus
1466 3883 1808 3956 contraire.
1876 3883 1939 3955 Si
2003 3884 2414 3979 quisoautem
2477 3888 2600 3957 hoc
2653 3898 3032 3978 attemptare

792 3997 1294 4090 praesumpserit,
1343 3998 1851 4087 indignationem
1893 3998 2354 4092 omnipotentis
2410 4001 2524 4071 Dei
2578 4014 2640 4070 et
2699 4002 3028 4071 beatorum

792 4108 957 4182 Petri
987 4124 1049 4183 et
1082 4114 1260 4183 Pauli
1290 4115 1727 4204 apostolorum
1751 4116 1892 4205 ejus
1923 4136 1996 4185 se
2034 4112 2280 4185 noverit
2318 4112 2753 4186 incursurum.
2797 4116 3029 4184 Datum

793 4223 1163 4310 Beneventi,
1205 4230 1390 4298 XVlll
1416 4229 1544 4298 kal.
1573 4225 1870 4319 januarii.
2201 4230 2204 4233 ’

859 4688 881 4724 ¹
919 4685 994 4744 Cf
1011 4686 1201 4742 charte
1225 4686 1399 4742 xvn.
