3485 5571
1339 652 1575 720 -207
1628 691 1699 702 —

1414 1008 1627 1070 CXXV

612 1287 702 1348 La
730 1284 1057 1365 Chapelle‚
1091 1283 1247 1350 1200
1270 1286 1381 1366 [1⁶r
1405 1286 1796 1363 novembre,
1827 1284 1863 1349 a
1898 1284 1977 1349 24
2008 1302 2188 1350 mars
2214 1283 2421 1367 12011.

370 1526 451 1582 Le
491 1526 756 1600 chapitre
782 1528 972 1583 notifle
995 1527 1391 1585 l’ordonnance
1409 1530 1596 1603 royale
1619 1530 1717 1603 qui
1745 1532 2051 1586 n’autorise
2096 1531 2180 1586 les
2208 1530 2530 1603 operatione
2557 1530 2628 1585 de

445 1623 701 1696 change,
723 1624 862 1680 dans
891 1624 946 1680 la
973 1618 1235 1682 banlieue
1262 1625 1575 1694 d’Orleans‚
1615 1643 1727 1700 que
1778 1627 1918 1683 dans
1969 1627 2022 1683 le
2063 1628 2258 1683 cloltre
2300 1628 2371 1685 de
2419 1628 2634 1685 Sainte-

452 1721 631 1777 Croix
661 1721 864 1777 devant
892 1721 945 1777 la
964 1721 1281 1778 cathedrale
1299 1722 1340 1793 ¹,
1372 1724 1502 1779 saus
1523 1724 1638 1780 lors
1661 1723 1761 1780 des
1787 1723 1958 1780 foires
1988 1723 2205 1796 royales
2224 1723 2268 1779 ².

912 1867 1096 1941 (Orig.
1128 1885 1177 1926 s.
1208 1868 1400 1942 parch.
1435 1869 1609 1926 Arch.
1642 1869 1771 1927 Nat.
1801 1871 1859 1930 J.
1882 1867 2027 1928 170:
2059 1868 2117 1940 2)

477 2087 738 2181 F[ulco]
806 2088 1092 2159 decanus
1155 2102 1219 2158 et
1275 2089 1652 2159 universum
1712 2090 2066 2180 capitulum
2144 2087 2630 2175 Aurelianense,

378 2199 692 2272 omnibus
758 2199 822 2270 in
902 2201 1180 2272 Domino
1239 2203 1535 2273 salutem.
1600 2200 1904 2273 Noverint
1963 2200 2240 2274 universi
2300 2215 2639 2294 presentes

381 2313 630 2404 pariter
660 2326 724 2385 et
760 2313 954 2385 futuri
1000 2315 1172 2405 quod
1213 2336 1320 2386 rex
1370 2314 1569 2387 voluit
1624 2329 1688 2387 et
1750 2317 1818 2384 in
1869 2330 2248 2408 perpetuum
2304 2313 2634 2388 concessit

383 2433 558 2521 quod
602 2434 818 2503 nullus
855 2452 1155 2523 campsor
1179 2430 1454 2503 cambiat
1504 2430 1665 2502 infra
1726 2432 2045 2504 banlivam
2109 2432 2386 2505 civitatis
2442 2437 2640 2504 Aure-

388 2543 609 2632 lianis,
653 2544 779 2616 nisi
805 2568 1104 2638 campsor
1140 2544 1247 2637 qui
1279 2544 1554 2617 cambiet
1597 2544 1660 2616 in
1694 2569 1918 2619 mensa
1954 2546 2524 2619 nummulariorum
2574 2546 2640 2616 in

384 2661 670 2733 claustro
709 2665 940 2732 Sancte
981 2659 1201 2732 Crucis
1246 2658 1599 2731 Aurelianis
1655 2663 1801 2754 (sic)
1861 2676 2009 2733 ante
2077 2665 2381 2754 maJorem
2432 2664 2640 2733 eccle-

386 2777 579 2864 siam,
625 2799 747 2848 nec
786 2778 981 2848 etiam
1021 2799 1319 2868 campsor
1340 2775 1571 2868 aliquis
1618 2777 1897 2849 cambiat
1948 2791 2165 2869 aperta
2223 2799 2450 2848 mensa
2508 2775 2639 2849 nisi

387 2893 450 2962 in
477 2894 762 2964 claustro
803 2897 1036 2964 Sancte
1077 2891 1296 2963 Crucis
1325 2905 1474 2964 ante
1501 2895 1808 2984 majorem
1830 2890 2196 2975 ecclesiam,
2232 2904 2638 2983 preterquam

386 3004 448 3075 in
492 3005 802 3078 nundinis
843 3004 1086 3078 domini
1126 3005 1319 3098 regis,
1362 3004 1427 3075 in
1468 3005 1700 3098 quibus
1740 3007 1967 3078 licebit
2004 3005 2100 3077 eis
2155 3019 2374 3097 aperta
2416 3029 2639 3078 mensa

385 3119 697 3193 cambire.
736 3125 910 3193 Hanc
948 3135 1163 3192 autem
1195 3122 1734 3193 consuetudinem
1773 3118 1836 3190 in
1871 3132 2249 3212 perpetuum
2290 3122 2640 3191 tenendam

386 3234 716 3307 concessit
746 3238 867 3306 sub
898 3238 1019 3307 hac
1051 3238 1250 3307 forma
1275 3238 1445 3326 quod
1488 3257 1861 3327 campsores
1910 3236 2205 3321 reddent,
2235 3247 2301 3306 et
2363 3231 2640 3325 singulis

386 3352 606 3435 annis,
651 3363 912 3441 propter
941 3351 1065 3421 boc
1093 3353 1144 3420 X
1188 3349 1381 3421 libras
1410 3351 1478 3419 in
1514 3349 1823 3420 nundinis
1875 3348 2012 3420 suis
2044 3346 2403 3421 Aurelianis
2435 3346 2642 3439 proxi-

387 3463 509 3536 mis
535 3479 689 3537 ante
723 3467 957 3535 testum
1000 3463 1303 3535 Omnium
1334 3468 1737 3547 Sanctorum,
1782 3476 1847 3534 et
1883 3477 2098 3554 preter
2141 3465 2265 3534 hoc
2296 3466 2342 3534 C
2395 3462 2640 3535 solidos

391 3601 501 3670 pro
532 3577 899 3671 monetagio
940 3580 998 3650 ei
1039 3580 1310 3651 reddent
1367 3578 1638 3671 singulis
1690 3580 1880 3650 annis
1931 3580 2012 3649 ad
2069 3581 2336 3662 Pascha,
2397 3592 2460 3647 et
2517 3579 2641 3648 hoc

390 3691 512 3785 ipsi
552 3716 926 3787 campsores
965 3706 1431 3765 concesserunt
1462 3695 1633 3784 quod
1676 3690 1948 3785 singulis
1985 3690 2173 3763 annis
2199 3714 2315 3783 pro
2351 3690 2640 3782 pauctio-

392 3807 583 3880 nibus
610 3807 755 3880 istis
784 3809 1054 3880 reddent
1084 3822 1158 3885 ,et
1186 3807 1330 3879 illas
1370 3808 1595 3879 decem
1635 3808 1833 3878 libras
1885 3806 1949 3876 in
1993 3803 2299 3899 predictis
2329 3805 2641 3877 nundinis

391 3935 455 3994 et
485 3926 532 3994 C
573 3922 817 3994 solidos
846 3946 960 4015 pro
995 3921 1361 4014 monetagio
1400 3922 1478 3993 ad
1522 3924 1763 3994 Pascha
1799 3945 1818 4006 ;
1861 3935 1923 3992 et
1989 3918 2114 3992 nisi
2155 3919 2445 4013 predicto
2512 3934 2642 3993 ter-

394 4039 567 4111 mino
607 4036 929 4131 predictas
989 4040 1042 4107 X
1090 4039 1286 4108 libras
1336 4040 1807 4127 persolverent,
1879 4057 1999 4107 nec
2060 4035 2366 4106 ecclesia*
2407 4037 2641 4106 Sancte

461 4401 479 4437 ¹
510 4403 722 4457 Devant
745 4400 798 4456 la
826 4404 956 4456 tour
992 4398 1449 4472 septentrionale,
1474 4397 1707 4470 appelee
1745 4413 1890 4470 pour
1925 4402 2070 4455 celte
2114 4397 2304 4453 raison
2350 4397 2505 4453 Tour
2541 4396 2640 4452 des

400 4487 661 4562 Changes.
692 4489 812 4546 Elle
832 4489 1005 4545 datait
1042 4489 1119 4545 du
1142 4499 1255 4545 111⁰
1284 4488 1454 4544 siecle
1483 4492 1540 4543 et
1564 4487 1650 4543 lut
1678 4486 1919 4543 demolie
1947 4502 2021 4543 au
2048 4491 2233 4543 xvnl‘.

461 4578 483 4613 ¹
513 4581 704 4637 Lettre
734 4578 1044 4637 semblable
1071 4580 1142 4634 de
1171 4578 1423 4650 l’eveque
1440 4577 1690 4647 Hugues,
1724 4577 1866 4632 dans
1894 4577 1977 4632 les
2009 4578 2221 4632 memes
2240 4581 2447 4632 termes
2461 4580 2515 4631 et
2534 4574 2568 4631 ἃ
2586 4568 2640 4633 la

400 4668 575 4727 meme
611 4669 763 4729 date.
803 4669 1043 4738 (Teulet,
1074 4670 1338 4741 Layettes
1370 4668 1452 4722 du
1476 4667 1681 4723 Trdsor
1706 4666 1805 4722 des
1831 4667 2076 4734 chartea,
2105 4672 2144 4723 t.
2177 4666 2222 4737 1,
2255 4683 2308 4737 p.
2340 4665 2503 4735 223.)
