3485 5571
1799 668 2156 732 —236—

849 794 1128 886 capitulo
1151 796 1380 866 eodem
1419 796 1613 865 modo
1652 817 1766 887 per
1792 793 2009 865 omnia
2082 816 2277 886 super
2353 817 2579 885 magna
2620 792 2869 885 justina
2921 791 3086 864 exhi·

848 908 1049 993 bebit,
1077 908 1163 979 ita
1191 922 1407 980 tamen
1446 911 1616 1000 quod
1651 911 1731 980 ad
1769 910 1947 980 illam
1979 907 2292 999 justitiam
2328 931 2592 979 manum
2643 931 2773 979 non
2811 920 3087 1000 apponet

843 1024 1077 1118 aliquis
1107 1028 1292 1111 alius,
1319 1037 1383 1097 et
1408 1039 1623 1118 preter
1642 1026 1856 1118 ipsum
1879 1028 1961 1097 de‘
1978 1047 2053 1097 ea
2080 1047 2273 1098 nemo
2298 1047 2370 1096 se
2394 1022 2652 1117 penitus
2679 1023 3084 1095 intromittet.

847 1141 1196 1211 Sciendum
1251 1152 1539 1231 preterea
1588 1162 1816 1211 omnes
1873 1136 2164 1210 redditus
2235 1137 2386 1210 dicti
2452 1137 2572 1209 vici
2622 1152 2689 1210 et
2728 1139 3086 1210 universam

838 1252 1153 1346 justitiam
1194 1267 1405 1346 preter
1457 1277 1752 1345 magnam
1793 1254 2082 1346 predicto
2139 1252 2420 1345 capitulo
2470 1252 2717 1345 integre
2777 1268 2845 1325 et
2897 1252 3090 1325 libere

847 1382 1157 1461 perpetuo
1194 1370 1609 1453 remansisse,
1652 1368 1737 1440 ita
1771 1371 1941 1461 quod
1973 1392 2008 1440 a
2049 1367 2237 1440 nobis
2271 1391 2534 1461 prorsus
2564 1368 2716 1440 inde
2747 1369 2888 1462 [nil]
2916 1382 3093 1460 pote-

846 1480 927 1553 rit
969 1482 1323 1554 reclamari.
1403 1486 1587 1569 Quod
1670 1497 1740 1553 ut
1790 1497 2174 1575 perpetuum
2250 1485 2447 1553 robur
2521 1484 2834 1565 obtineat,
2905 1480 3091 1573 sigilli

848 1596 1050 1668 nostri
1083 1596 1466 1667 authoritate
1507 1612 1874 1688 presentem
1916 1600 2209 1688 paginam
2252 1599 2734 1668 confirmamus.

934 1715 1159 1782 Actum
1187 1710 1566 1794 Aurelianis,
1599 1733 1771 1782 anno
1800 1710 2261 1782 incarnationis
2284 1710 2609 1783 dominice
2636 1713 2837 1795 1209,
2869 1733 3088 1783 mense

848 1825 1203 1896 novembri.

1872 2166 2046 2227 CLlll

1696 2468 1778 2527 Ἰ(π
1805 2465 2044 2528 fevrier
2073 2466 2233 2528 1210

843 2708 1079 2777 Aubert,
1108 2709 1403 2779 chevalier,
1436 2710 1682 2781 echange
1712 2726 1845 2765 avec
1873 2710 1925 2765 le
1955 2710 2206 2781 chapitre
2235 2726 2294 2764 sa
2314 2711 2508 2767 mairie
2530 2710 2600 2766 dc
2619 2711 2998 2768 Sainte-Croix
3019 2727 3086 2765 en

915 2807 1129 2860 Beauce
1158 2811 1213 2862 et
1241 2806 1681 2878 l’hebergement
1710 2808 1781 2863 de
1811 2808 2092 2876 Rouvray,
2116 2823 2261 2879 pour
2284 2807 2525 2863 certains
2556 2809 2730 2863 droits
2750 2810 2785 2864 ὸ
2808 2808 3082 2879 Villepion

915 2908 971 2957 et
991 2903 1212 2975 Trinay,
1243 2903 1313 2958 20
1343 2921 1478 2959 sous
1509 2904 1576 2958 de
1605 2921 1737 2959 cens
1763 2920 1864 2958 sur
1892 2903 2171 2974 EchelleS,
2197 2903 2305 2959 100
2335 2902 2501 2960 livres
2531 2905 2731 2977 parisis
2753 2910 2808 2960 et
2833 2904 3084 2961 l'affran-

914 2999 1253 3055 chissement
1282 3000 1349 3055 de
1372 3005 1523 3055 toute
1551 3001 1604 3055 la
1632 2999 2017 3056 descendance
2047 3000 2116 3054 de
2143 3015 2249 3054 son
2277 2999 2411 3071 pere
2437 3001 2673 3057 Aubert.

843 3144 1028 3216 (Orig.
1087 3146 1257 3201 Arch.
1290 3146 1366 3201 du
1399 3146 1604 3216 Loiret,
1656 3147 1722 3202 G.
1762 3146 1903 3216 385;
1959 3146 2206 3201 mention
2263 3144 2582 3218 Scriptum.
2628 3179 2698 3188 —
2747 3150 2872 3205 Une
2928 3147 3083 3219 copie

916 3239 990 3294 du
1020 3251 1164 3294 xvne
1194 3241 1364 3296 siecle
1393 3249 1551 3312 porte
1585 3261 1597 3297 z
1645 3259 1669 3295 ι
1706 3242 1918 3297 Extrait
1962 3242 2036 3297 du
2089 3241 2251 3295 Livre
2295 3241 2514 3311 Rouge,
2557 3243 2653 3298 fol.
2680 3244 2889 3313 Cleij,
2919 3255 2980 3297 vo
3008 3245 3081 3310 ι).

1735 3455 2174 3497 ΕΥΒΟΟΒΑΡΗΗΜ

927 3639 1275 3720 Manasses,
1316 3635 1431 3706 Dei
1470 3634 1669 3727 gratia
1720 3635 2197 3708 Aurelianensis
2246 3636 2622 3731 episcopuS,
2671 3637 2976 3709 omnibus
3012 3635 3074 3706 in

843 3762 1243 3841 perpetuum.
1282 3754 1515 3821 Notum
1550 3750 1820 3821 facimus
1861 3750 2203 3832 universis,
2248 3755 2654 3844 presentibus
2716 3751 2949 3843 pariter
3013 3763 3075 3822 et

842 3862 1098 3946 futuris,
1140 3867 1485 3934 Aubertum
1513 3864 1804 3943 militem,
1843 3867 2167 3957 quondam
2232 3869 2535 3955 majorem
2577 3863 2786 3936 Belsie
2850 3869 3075 3935 Sancte

844 3978 1089 4059 Crucis,
1120 3977 1444 4070 majoriam
1505 4001 1687 4049 suam
1753 4000 1942 4069 quam
2006 3982 2284 4050 habebat
2321 3981 2387 4049 in
2460 3982 2684 4051 eadem
2742 3978 2944 4050 Belsia
3018 3991 3078 4049 et

842 4089 1056 4162 omnia
1093 4113 1219 4182 que
1249 4092 1327 4161 ad
1362 4094 1633 4162 eandem
1668 4091 1995 4183 majoriam
2035 4107 2164 4163 tam
2205 4091 2268 4162 in
2300 4091 2654 4164 redditibus
2685 4116 2876 4184 quam
2935 4113 3076 4183 pro·

840 4203 1162 4288 ventibus,
1201 4216 1263 4275 et
1304 4219 1494 4289 terra,
1536 4219 1600 4276 et
1627 4204 2015 4296 hospitibus,
2057 4219 2121 4278 et
2149 4210 2344 4278 rebus
2379 4206 2521 4278 aliis
2560 4210 2866 4279 omnibus
2894 4203 3072 4298 perti·

840 4322 1103 4402 nebant,
1146 4341 1400 4390 necnon
1439 4331 1503 4391 et
1540 4319 2027 4411 herbergagium
2070 4324 2149 4392 de
2188 4325 2462 4393 Rovreto
2501 4345 2648 4393 cum
2687 4325 2884 4392 rebus
2932 4319 3066 4391 aliis

839 4430 1232 4524 quibuslibet
1262 4457 1422 4523 quas
1457 4421 1738 4519 Rovreti‚
1784 4449 2049 4526 excepto
2090 4438 2276 4507 feodo
2317 4435 2482 4507 Petri
2524 4438 2603 4507 de
2631 4439 2801 4507 Meso
2833 4432 3067 4516 militis,

841 4548 1238 4636 possidebat,
1279 4545 1557 4637 capitulo
1596 4550 1829 4619 Sancte
1888 4550 2114 4620 Crucis
2174 4548 2648 4621 Aurelianensis
2719 4549 2959 4641 integre
3010 4560 3071 4617 et

842 4659 1039 4731 libere
1095 4659 1477 4752 possidenda
1541 4676 1851 4752 perpetuo
1918 4661 2317 4754 quitavisse3
2384 4663 2470 4734 ita
2543 4665 2718 4754 quod
2781 4664 2849 4735 in
2915 4675 3070 4733 terra
