3485 5571
1806 675 1883 688 -
1929 641 2049 707 450
2087 675 2164 688 -

859 773 1171 855 laudavit,
1238 767 1575 841 ratificavit
1629 782 1695 840 et
1747 770 1953 840 eciam
2028 768 2427 861 approbavit,
2481 783 2546 840 et
2591 771 2914 861 quicquid
2943 770 3090 860 iuris

859 889 1051 958 habet
1113 898 1178 957 et
1235 887 1473 956 babere
1513 886 1705 954 debet
1742 882 1807 954 in
1852 886 2131 954 futurum
2204 882 2376 956 dicto
2415 886 2789 975 Raymondo
2846 881 3097 975 quitavit

865 1002 1121 1091 penitus
1186 1013 1253 1071 et
1302 996 1567 1084 dimisit,
1646 1011 1712 1069 et
1781 1012 2262 1089 supposuerunt
2324 1020 2397 1070 se
2467 1021 2699 1070 omnes
2741 1012 2812 1070 et
2877 1000 3103 1088 singuli

860 1126 1179 1205 quantum
1213 1115 1293 1184 ad
1335 1116 1456 1184 bec
1487 1110 1894 1204 jurisdicioni
1934 1109 2112 1184 curie
2148 1125 2390 1184 nostre.
2442 1116 2510 1182 ln
2533 1113 2718 1203 cujus
2754 1112 2854 1184 rei
2882 1135 3110 1184 memo—

862 1227 1021 1296 riam
1064 1238 1129 1297 et
1170 1227 1620 1296 testimonium
1660 1227 2076 1316 presentibus
2116 1224 2344 1296 litteris
2382 1227 2461 1296 ad
2510 1226 2909 1298 relacionem
2970 1224 3108 1298 dicti

863 1338 1094 1411 notarii
1130 1338 1409 1430 sigilium
1448 1339 1928 1412 Aurelianensis
1972 1338 2148 1412 curie
2177 1338 2472 1410 duximus
2505 1341 2967 1431 apponendum
2998 1361 3111 1411 una

865 1475 1014 1526 cum
1075 1452 1285 1544 sigillo
1348 1451 1571 1524 militis
1647 1451 2023 1545 supradicti.
2089 1458 2320 1525 Datum
2378 1476 2546 1525 anno
2594 1452 2858 1525 Domini
2919 1451 3113 1523 mille-

866 1572 1034 1640 simo
1078 1565 1523 1640 ducentesimo
1589 1566 2068 1660 septuagesimo
2119 1582 2326 1654 sexto,
2384 1569 2487 1641 die
2514 1566 2686 1659 jovis
2736 1582 2890 1660 post
2929 1571 3114 1638 Bran·

866 1684 1008 1753 dos.
2535 1687 2922 1753 Galus-mnus.

1804 1973 2163 2073 CCCXXXV

1689 2230 1892 2320 Paris,
1940 2250 2104 2312 avril
2146 2249 2303 2312 1277

861 2455 1123 2526 Philipps
1151 2454 1226 2509 IV
1254 2454 1506 2509 ordonne
1529 2453 1561 2507 ὰ
1601 2468 1704 2508 son
1752 2452 1944 2524 prevot
1982 2450 2271 2507 d'Orleans
2309 2452 2379 2507 de
2425 2468 2595 2524 payer
2636 2454 2669 2507 a
2707 2452 2941 2509 l'avenir
2981 2469 3107 2508 sans

931 2562 1090 2608 autre
1121 2550 1485 2607 mandement
1516 2549 1599 2605 les
1625 2549 1698 2605 60
1733 2565 1867 2605 sous
1914 2549 2171 2605 tournois
2213 2549 2282 2603 de
2319 2548 2739 2605 l’anniversaire
2764 2549 3105 2622 d'Alphonse

933 2652 1003 2705 de
1032 2651 1291 2706 PoitierS.

1326 2744 1513 2817 (Orig.
1546 2760 1591 2800 s.
1628 2744 1820 2817 purch.
1854 2743 2022 2801 Arcb.
2056 2742 2133 2801 du
2163 2743 2368 2814 Loirel,
2400 2744 2467 2801 G.
2499 2743 2650 2814 244.)

956 2940 1291 3030 Pillippus‚
1345 2938 1460 3010 Dei
1507 2939 1710 3028 gratia
1778 2941 2167 3008 Francorum
2218 2960 2359 3020 rex,
2404 2950 2628 3009 notum
2669 2937 2946 3007 facimus
2980 2933 3106 3005 uni·

867 3053 1067 3126 versis
1107 3066 1232 3124 tam
1276 3051 1686 3144 presentibus
1733 3074 1926 3142 quam
1966 3051 2193 3123 futuris
2231 3053 2405 3141 quod
2445 3073 2621 3135 cum,
2658 3051 2837 3141 juxta
2863 3049 3105 3121 ordina-

867 3168 1107 3239 tionem
1169 3165 1372 3237 lelicis
1423 3164 1887 3237 recordationis
1944 3163 2261 3236 carissimi
2303 3162 2508 3256 patrui
2561 3178 2628 3236 et
2665 3162 2876 3236 fidelis
2918 3159 3104 3233 nostri

870 3280 1142 3365 Aliensi,
1174 3279 1429 3351 comitis
1470 3281 1868 3350 Pictavensis
1906 3293 1968 3351 et
1996 3281 2299 3362 Tholose,
2358 3292 2733 3350 executores
2774 3275 2873 3347 sui
2925 3291 3105 3348 testa-

874 3397 1070 3469 menti
1110 3394 1510 3468 decreverint
1534 3392 1849 3485 assignari
1882 3392 2159 3465 ecclesie
2199 3398 2433 3466 Sancte
2467 3391 2690 3463 Crucis
2719 3391 3108 3464 Aurelianen-

875 3511 967 3583 sis
1005 3509 1330 3601 sexaginta
1372 3508 1615 3581 solidos
1653 3510 2103 3581 turonensium
2144 3506 2341 3578 annui
2369 3507 2659 3579 redditus
2691 3529 2807 3597 pro
2836 3508 3108 3577 anniver-

878 3624 1047 3698 sario
1101 3624 1250 3695 dicti
1325 3623 1580 3696 comitis
1654 3621 1742 3693 ibi
1813 3625 2146 3694 annuatim
2214 3624 2628 3704 celebrando,
2700 3643 2848 3705 nos,
2918 3619 3107 3711 ipsius

880 3738 1086 3832 patrui
1151 3742 1357 3809 nostri
1413 3740 1580 3830 piam
1643 3734 2110 3808 ordinationem
2153 3735 2490 3828 cupientes
2547 3734 2888 3806 salubriter
2922 3732 3110 3806 adim·

885 3853 1067 3946 pleri,
1127 3856 1420 3924 volumus
1480 3867 1545 3923 et
1604 3849 1997 3943 precipimus
2063 3864 2132 3920 ut
2202 3849 2593 3941 quicumque
2656 3872 2771 3940 pro
2837 3862 3111 3937 tempore

883 3966 1068 4039 fuerit
1106 3967 1473 4058 prepositus
1525 3963 2001 4035 Aurelianensis
2048 3963 2259 4034 dictos
2298 3962 2624 4054 sexaginta
2673 3964 2922 4033 solidos
2956 3975 3111 4030 turo-

882 4080 1181 4153 nensium
1215 4078 1409 4150 annui
1435 4079 1724 4150 redditus
1771 4076 1836 4146 in
1889 4074 2163 4148 termino
2217 4073 2630 4147 Ascensionis
2679 4072 2938 4145 Domini
2977 4093 3114 4163 pre·

882 4199 1054 4268 dicte
1094 4193 1370 4267 ecclesie
1410 4197 1642 4265 Sancte
1678 4189 1904 4261 Crucis
1943 4192 2167 4262 reddat
2203 4191 2531 4259 annuatim
2574 4203 2639 4259 et
2671 4187 2815 4260 sine
2850 4186 3109 4257 difficul-

882 4325 1009 4384 tate
1050 4312 1394 4402 persolvat,
1428 4310 1602 4377 nullo
1635 4305 1761 4377 alio
1801 4307 2099 4376 mandato
2139 4327 2334 4395 super
2373 4307 2495 4375 boc
2532 4289 2891 4394 expectato.
2933 4299 3107 4387 Quod

880 4442 945 4498 ut
975 4440 1183 4497 ratum
1212 4439 1277 4495 et
1315 4425 1544 4495 stabile
1582 4432 1951 4513 permaneat
1991 4419 2056 4490 in
2105 4423 2418 4504 luturum‚
2454 4418 2867 4510 presentibus
2896 4411 3107 4487 litteris

876 4557 1166 4612 nostrum
1245 4537 1517 4609 fecimus
1591 4534 1826 4627 apponi
1894 4532 2207 4625 sigillum.
2282 4537 2510 4604 Actum
2578 4529 2885 4614 Parisius,
2953 4548 3106 4601 anno

874 4653 1132 4728 Domini
1172 4655 1327 4724 MCC
1369 4648 1846 4743 septuagesimo
1887 4646 2189 4740 septimo,
2224 4670 2451 4720 mense
2477 4644 2686 4739 aprili.
