3485 5571
1811 573 2051 637 —284
2098 608 2173 621 -

868 703 1102 772 factam
1140 723 1354 772 coram
1393 698 1581 772 nobis
1622 703 1746 772 fide
1776 702 1991 772 media
2021 702 2245 773 volens
2277 714 2341 772 et
2372 704 2741 772 concedens
2765 698 3062 771 liberaliter

868 830 931 886 et
973 816 1246 886 libenter
1281 814 1677 906 approbavit.
1711 818 1781 884 In
1821 817 2007 906 cujus
2044 813 2133 885 rei
2173 814 2549 886 memoriam
2576 829 2642 886 et
2672 813 3060 887 testimonium

865 942 1203 1022 presentes
1238 928 1481 1001 litteras
1532 944 1658 999 tam
1699 931 1778 1000 ad
1843 927 2047 1021 ipsius
2100 931 2391 1001 «iohanne
2431 951 2621 1020 quam
2685 927 3063 999 dictiOdonis

867 1045 1134 1116 BorreUi
1191 1042 1576 1136 peticionem
1642 1043 1776 1115 fieri
1844 1043 2115 1115 fecimus
2153 1058 2218 1115 et
2262 1043 2454 1135 sigini
2514 1045 2718 1115 nostri
2754 1040 3066 1112 munimine

866 1156 1177 1230 roborari.
1208 1162 1433 1230 Actum
1459 1180 1631 1229 anno
1653 1158 1908 1231 Domini
1938 1156 2281 1231 miliesimo
2300 1158 2748 1230 ducentesimo
2774 1155 3061 1241 vicesimo,

868 1295 1092 1344 mense
1121 1271 1437 1365 januario.

1862 1633 2093 1698 exem

1772 1913 1802 1972 J
1812 1911 2037 1974 anvier
2081 1909 2230 1973 1221

869 2141 948 2198 Le
973 2146 1175 2197 mattre
1205 2141 1275 2197 de
1305 2143 1357 2197 la
1389 2141 1721 2197 maladrerie
1759 2141 1829 2196 de
1866 2141 2411 2211 Pont-aux·Moines,
2461 2141 2709 2198 refusant
2741 2141 3076 2214 d'approuver

933 2238 989 2293 la
1018 2237 1389 2308 composition
1428 2238 1556 2293 faite
1585 2253 1715 2293 avec
1745 2238 1797 2293 le
1826 2237 2075 2308 chapitre
2103 2254 2246 2309 pour
2269 2238 2353 2293 les
2378 2238 2562 2294 dimes
2600 2238 2671 2293 de
2698 2238 2790 2292 vin
2817 2237 2884 2292 de
2911 2234 3071 2303 checy

936 2340 991 2390 et
1015 2333 1083 2389 de
1110 2333 1347 2403 Mardie,
1379 2340 1596 2405 promet
1623 2334 1692 2389 de
1715 2349 1881 2405 payer
1905 2350 2017 2389 une
2045 2334 2197 2389 dime
2221 2335 2388 2389 d'une
2408 2352 2438 2389 ‹
2466 2335 2664 2405 lagena
2696 2352 2725 2387 »
2762 2350 2857 2406 par
2894 2329 3073 2387 muids.

1306 2479 1484 2550 (Orig.
1517 2496 1563 2535 s.
1596 2480 1790 2551 par-ch.
1832 2480 2003 2536 Arch.
2036 2478 2114 2536 du
2154 2480 2365 2551 Loiret,
2396 2480 2463 2538 G.
2494 2479 2646 2550 320.)

952 2696 1271 2768 Omnibus
1312 2710 1647 2788 presentes
1689 2696 1930 2767 titteras
1959 2696 2351 2790 inspecturis
2391 2700 2786 2794 L[ebertus]‚
2824 2702 3076 2770 decanus

864 2810 1367 2892 Aurelianensis,
1440 2814 1710 2882 salutem
1762 2811 1824 2881 in
1886 2813 2186 2884 Domino.
2247 2813 2550 2884 Noverint
2596 2813 2871 2886 universi
2926 2812 3072 2903 quod

863 2925 1189 3017 R[oberto]
1243 2927 1323 2995 de
1388 2924 1744 2996 Marcitiaco
1793 2927 2108 2996 canonico
2170 2925 2635 3008 Aurelianensi‚
2676 2949 2794 3019 pro
2831 2925 3075 3017 capituto

865 3037 1335 3121 Aurelianensi‚
1364 3053 1427 3110 et
1467 3042 1574 3122 R„
1616 3038 1924 3130 magistro
1973 3041 2204 3110 domus
2234 3039 2729 3111 helemosinarie
2782 3043 2860 3112 de
2905 3044 3077 3110 Ponte

867 3155 1347 3235 monachorum,
1390 3176 1607 3224 coram
1653 3151 1842 3223 nobis
1885 3153 1946 3222 in
1983 3155 2121 3244 jure
2171 3152 2570 3236 constitutis,
2602 3155 2772 3224 idem
2806 3154 3080 3244 magister

861 3265 1232 3357 recognovit
1271 3269 1440 3356 quod
1506 3266 2015 3357 compositiones
2075 3269 2277 3338 factas
2317 3290 2463 3338 cum
2506 3266 2787 3359 capitulo
2841 3263 3082 3339 Aurelia-

866 3384 1051 3451 nensi
1093 3403 1287 3472 super
1325 3381 1595 3451 decimis
1639 3380 1766 3450 vini
1816 3383 1895 3451 de
1925 3380 2129 3451 vineis
2171 3396 2297 3452 tam
2352 3380 2415 3450 in
2458 3381 2788 3473 parrochia
2830 3386 2909 3453 de
2945 3384 3078 3452 Cha-

868 3496 1051 3564 ciaco
1081 3516 1270 3584 quam
1312 3494 1374 3563 in
1437 3494 1768 3584 parrochia
1810 3497 1889 3565 de
1945 3493 2173 3566 Mazeio
2213 3494 2276 3565 in
2335 3495 2764 3567 decimatione
2819 3497 3077 3587 ejusdem

864 3607 1122 3699 capituli
1163 3607 1536 3679 constitutis
1578 3630 1704 3679 non
1746 3612 2135 3700 approbabat
2190 3631 2311 3679 nec
2350 3632 2460 3680 eas
2513 3611 2767 3681 volebat
2795 3610 3079 3702 aliquate-

861 3744 985 3792 nus
1015 3724 1376 3793 observare.
1421 3726 1623 3792 Immo
1651 3724 1733 3792 de
1765 3721 2048 3813 quolibet
2081 3722 2296 3795 modio
2326 3722 2451 3793 vini
2481 3726 2651 3815 quod
2676 3723 2847 3797 dicta
2874 3729 3079 3796 domus

863 3835 1351 3909 helemosinaria
1394 3839 1473 3908 de
1535 3850 1752 3908 cetero
1805 3836 2094 3908 habitura
2135 3851 2271 3909 erat
2313 3838 2378 3909 in
2418 3838 2607 3910 dictis
2667 3839 2978 3932 parochiis
3024 3839 3076 3906 in

862 3949 1291 4023 decimatione
1322 3950 1582 4041 capituti
1648 3949 2010 4034 memorati,
2040 3974 2235 4023 unam
2276 3955 2566 4043 lagenam
2607 3954 2795 4024 annis
2832 3953 3077 4045 singuiis

860 4068 1106 4159 prefato
1150 4064 1434 4156 capituto
1462 4065 1722 4135 nomine
1764 4066 2014 4137 decime
2054 4088 2124 4136 se
2161 4065 2458 4158 promisit
2485 4070 2869 4140 soluturum.
2899 4073 2964 4139 ln
2989 4091 3079 4140 cu·

854 4185 963 4274 jus
1001 4178 1092 4251 rei
1122 4181 1565 4250 testimonium
1614 4194 1951 4271 presentes
1991 4183 2238 4253 litteras
2267 4180 2498 4253 confici
2540 4195 2604 4254 et
2651 4181 2842 4274 sigilli
2892 4178 3071 4255 nostri

859 4294 1133 4367 fecimus
1162 4292 1518 4364 munimine
1544 4292 1851 4364 roborari.
1876 4300 2097 4364 Actum
2123 4318 2293 4366 anno
2322 4294 2564 4366 domini
2590 4298 2744 4368 MCC
2770 4295 3075 4376 vicesimo,

858 4432 1084 4482 mense
1115 4406 1434 4501 januario.
