3485 5571
1398 742 1475 753 -
1519 707 1637 769 475
1683 743 1757 753 ---

430 837 904 929 parisiensium
949 836 1071 927 ipsi
1111 834 1392 927 capitulo
1425 836 1518 905 vel
1558 836 1699 924 ejus
1750 837 2049 904 mandato
2103 831 2345 903 tenenti
2385 831 2706 904 decimam

430 974 629 1022 suam
670 954 751 1022 de
792 947 1156 1022 Villermain
1216 949 1281 1018 in
1320 945 1603 1019 crastino
1658 945 1962 1018 Omnium
2019 948 2399 1018 Sanctorum
2455 969 2491 1017 a
2530 946 2706 1017 dieto

432 1065 786 1136 Guillelmo
820 1076 885 1135 et
909 1065 1051 1154 ejus
1088 1059 1435 1133 heredibus
1494 1058 1825 1132 annuatim
1881 1062 2400 1145 reddendorum;
2440 1072 2505 1130 et
2543 1058 2702 1131 inci-

430 1179 578 1270 piet
640 1181 848 1270 prima
917 1178 1155 1249 solutio
1208 1175 1363 1247 dieti
1430 1197 1666 1246 census
1730 1178 1801 1245 in
1854 1174 2134 1247 erastino
2191 1173 2341 1246 festi
2396 1176 2705 1246 Omnium

430 1296 827 1363 Sanctorum
863 1292 1034 1382 quod
1066 1289 1186 1360 erit
1222 1311 1393 1360 anno
1424 1286 1686 1359 Domini
1721 1290 2084 1359 MCCLXXX
2130 1301 2354 1360 octavo
2391 1313 2410 1373 3
2449 1310 2528 1359 eo
2558 1302 2705 1359 acto

426 1411 616 1497 quod
657 1405 869 1476 dictus
897 1404 1282 1475 Guillermus
1323 1415 1578 1474 tenetur
1634 1416 1699 1474 et
1753 1400 2050 1494 promisit
2096 1425 2210 1494 per
2270 1404 2461 1474 fidem
2521 1425 2706 1475 suam

429 1518 742 1590 edificare
782 1517 847 1589 in
896 1518 1067 1588 dieta
1105 1529 1268 1588 terra
1308 1519 1474 1587 infra
1510 1515 1863 1588 triennium
1896 1538 2089 1587 unam
2147 1518 2412 1588 domum
2476 1518 2555 1587 ad
2600 1540 2706 1588 va-

430 1636 649 1705 lorem
691 1634 915 1704 decem
957 1634 1263 1702 librarum
1307 1629 1788 1721 parisiensium,
1815 1632 1955 1701 suis
1985 1629 2354 1721 sumptibus
2388 1642 2453 1702 et
2475 1652 2708 1721 expen-

431 1750 568 1831 sis,
603 1760 668 1818 et
699 1745 934 1817 dietam
974 1747 1234 1815 domum
1276 1766 1423 1815 eum
1475 1746 1644 1815 sacta
1682 1741 1875 1815 suerit
1913 1742 1977 1813 in
2032 1746 2203 1814 bono
2243 1756 2415 1815 statu
2480 1756 2705 1817 tenere

430 1873 506 1930 et
537 1858 780 1930 dictum
820 1880 1086 1930 censum
1115 1859 1363 1928 solvere
1391 1870 1580 1948 prout
1609 1855 1905 1949 superius
1936 1869 2036 1929 est
2060 1879 2462 1948 expressum.
2503 1862 2706 1930 Tene-

428 1972 620 2044 bitur
647 1973 840 2044 etiam
883 1973 1127 2042 solvere
1164 1973 1337 2043 idem
1386 1970 1766 2042 Guillelmus
1805 1986 1935 2043 tres
1965 1970 2207 2043 solidos
2246 1970 2702 2063 parisiensium

430 2109 561 2180 pro
596 2086 885 2176 quolibet
916 2086 1197 2158 deffectu
1229 2085 1383 2156 dicti
1424 2106 1661 2156 census
1703 2108 1817 2175 pro
1864 2089 2163 2159 emenda.
2213 2090 2307 2157 De
2348 2109 2470 2177 qua
2510 2089 2705 2158 domo

430 2201 832 2285 edificanda,
868 2208 939 2269 ut
977 2200 1222 2270 dictum
1281 2211 1404 2280 est,
1464 2199 1706 2270 Giletus
1771 2198 1982 2270 dictus
2047 2199 2584 2284 Grantmarrier1,
2641 2213 2706 2272 et

425 2317 774 2385 Johannes
814 2317 1062 2385 Rouaut
1101 2335 1317 2384 eoram
1345 2311 1533 2383 nobis
1563 2310 1628 2382 in
1661 2314 1807 2404 jure
1846 2316 2318 2386 constituerunt
2349 2337 2421 2386 se
2451 2316 2706 2406 fidejus-

428 2450 630 2499 sores
672 2449 787 2518 per
820 2428 1009 2498 fidem
1038 2449 1220 2498 suam
1252 2425 1518 2517 quilibet
1558 2425 1622 2496 in
1674 2425 1954 2502 solidum
1987 2451 2101 2519 pro
2141 2429 2320 2499 dieto
2356 2427 2704 2501 Guillermo

430 2555 505 2614 et
535 2543 617 2611 ad
659 2542 800 2631 ejus
835 2538 1318 2631 requisitionem
1358 2561 1507 2630 erga
1538 2539 1890 2628 capitulum
1930 2555 2380 2612 memoratum.
2428 2544 2504 2612 Et
2541 2539 2706 2613 obli-

429 2666 783 2746 gaverunt,
822 2664 994 2726 etc...
1049 2651 1550 2736 RenuncianteS‚
1589 2663 1763 2725 etc...
1820 2656 1888 2724 In
1928 2656 2112 2746 cujus
2137 2655 2227 2725 rei
2257 2654 2702 2726 testimonium

431 2766 857 2861 presentibus
899 2768 1135 2840 litteris
1192 2765 1473 2858 sigillum
1519 2765 1995 2839 Aurelianensis
2035 2767 2211 2840 curie
2251 2770 2552 2841 duximus
2590 2793 2701 2863 ap—

430 2885 844 2975 ponendum.
879 2887 1112 2954 Datum
1161 2903 1331 2952 anno
1389 2882 1649 2954 Domini
1719 2884 1875 2953 MCC
1944 2885 2347 2974 octogesimo
2395 2883 2699 2976 septimo,

431 2995 546 3067 die
595 2999 750 3067 lune
772 3009 915 3080 post
955 2998 1192 3067 festum
1235 2993 1397 3065 beati
1436 2995 1861 3066 Bartholomei
1903 2998 2203 3087 apostoli.

528 3113 671 3183 Sur
702 3113 759 3181 le
791 3114 998 3202 repli:
1040 3111 1274 3181 Debria

511 4723 533 4759 ¹
575 4722 817 4781 Man-ier
848 4742 914 4774 z
953 4720 1285 4780 Laboureur
1303 4724 1335 4777 a
1365 4722 1417 4777 la
1438 4723 1587 4796 pelle
1615 4727 1868 4796 (marre).
