3485 5571
1453 702 1529 713 -ο-
1572 666 1690 729 517
1732 701 1805 711 —

1455 1043 1808 1106 CCCLXXV

1282 1324 1361 1386 24
1403 1324 1781 1403 septembre
1809 1322 1967 1387 1300

503 1547 909 1607 Confirmation
939 1564 1039 1619 par
1069 1546 1327 1618 l’eveque
1378 1545 1601 1600 Bertold
1648 1545 1723 1599 du
1775 1544 1885 1600 don
1929 1550 1982 1600 et
2031 1545 2099 1600 de
2149 1545 2641 1604 l'amortissement
2683 1547 2753 1604 de

574 1650 646 1706 40
672 1667 805 1706 sous
831 1650 900 1705 de
930 1654 1088 1705 rente
1126 1664 1196 1703 en
1226 1648 1425 1703 faveur
1464 1647 1536 1701 du
1568 1647 1877 1703 chevecier.

969 1794 1142 1865 (Orig.
1186 1812 1233 1853 S.
1263 1794 1454 1865 parch.
1494 1793 1656 1850 Arch.
1690 1793 1768 1848 du
1810 1794 2014 1851 Loiret.
2046 1793 2110 1849 G.
2139 1793 2264 1850 377.

600 2011 921 2084 Universis
965 2024 1292 2104 presentes
1326 2011 1567 2082 litteras
1607 2008 1998 2102 inspecturis
2025 2008 2315 2080 olflcialis
2348 2009 2523 2080 curie
2568 2014 2762 2082 Aure-

508 2127 819 2197 lianensis
845 2130 1114 2198 salutem
1149 2126 1211 2195 in
1243 2129 1544 2197 Domino.
1576 2130 1806 2195 Notum
1850 2124 2113 2196 tacimus
2144 2148 2262 2194 nos
2292 2147 2460 2194 anno
2503 2124 2758 2195 Domini

511 2244 738 2311 MCCC.
796 2241 897 2311 die
952 2241 1118 2331 jovis
1172 2240 1233 2309 in
1276 2239 1556 2310 crastino
1608 2239 1752 2309 festi
1794 2241 1997 2309 sancti
2029 2236 2252 2309 Mathei
2283 2239 2756 2329 evangeliste¹‚

511 2354 775 2438 vidisse,
808 2353 1072 2445 legisse,
1105 2352 1589 2444 transcripsisse
1629 2368 1692 2423 et
1741 2352 2104 2444 publicasse
2164 2352 2410 2423 litteras
2448 2354 2758 2442 quasdam

510 2468 722 2559 sigillo
762 2467 1094 2539 reverendi
1138 2471 1337 2559 patris
1414 2469 1667 2537 domini
1718 2467 2082 2560 B[ertoldi]‚
2151 2466 2264 2537 Dei
2317 2469 2531 2557 gracia
2593 2466 2762 2558 epis-

515 2582 657 2673 copi
703 2582 1201 2665 Aurelianensis,
1249 2595 1318 2651 ut
1357 2584 1698 2673 apparebat
1740 2580 1942 2671 prima
2001 2582 2188 2663 lacie,
2249 2579 2577 2671 sigillatas,
2631 2603 2761 2651 non

450 2762 461 2767 -
511 2698 922 2781 cancellataS,
966 2719 1093 2768 uon
1124 2696 1393 2766 abolitas
1422 2717 1542 2767 nec
1580 2693 1645 2763 in
1680 2693 1892 2785 aliqua
1932 2697 2031 2765 sui
2074 2708 2250 2785 parte
2290 2683 2651 2784 corruptam,
2695 2693 2759 2765 in

513 2814 635 2882 hec
666 2814 854 2882 verba
902 2837 917 2880 ε
2447 2792 2452 2798 ’

604 2923 927 2997 Universis
959 2938 1290 3016 presentes
1326 2924 1569 2996 litteras
1614 2923 2005 3017 inspecturis
2040 2924 2455 3016 B[ertoldus]‚
2500 2922 2767 2994 misera-

514 3041 702 3110 cione
765 3039 976 3109 divina
1036 3037 1512 3111 Aurelianensis
1571 3038 1945 3130 episcopus,
2006 3041 2278 3109 salutem
2333 3037 2397 3107 in
2456 3036 2758 3109 Domino.

513 3151 824 3224 Noveritis
869 3155 1038 3243 quod
1069 3176 1215 3223 cum
1259 3156 1425 3223 bone
1467 3154 1779 3224 memorie
1814 3150 2188 3245 F[erricus]‚
2233 3153 2557 3242 quondam
2593 3153 2770 3243 epis-

515 3290 719 3357 copus
743 3265 1249 3348 Aurelianensis,
1288 3269 1710 3357 predecessor
1768 3279 2009 3347 noster,
2066 3269 2338 3337 voluerit
2376 3279 2441 3337 et
2498 3288 2770 3337 conces-

515 3381 693 3461 serit,
729 3384 810 3451 ob
835 3384 1109 3451 favorem
1132 3379 1609 3451 Aurelianensis
1632 3380 2120 3469 ecclesie,quod
2153 3379 2428 3450 dilectus
2462 3393 2680 3451 noster
2705 3395 2769 3450 et

517 3496 724 3564 fidelis
758 3496 1082 3576 Andreas,
1125 3493 1485 3584 capicerius
1524 3492 1998 3564 Aurelianensis
2041 3492 2342 3575 ecclesie,
2386 3506 2451 3563 et
2509 3515 2769 3563 succes-

515 3630 697 3678 sores
750 3608 848 3677 sui
903 3606 1095 3676 luturi
1151 3606 1478 3697 capicerii,
1545 3594 1824 3678 nomine
1868 3630 1987 3677 suo
2048 3621 2111 3677 et
2175 3605 2601 3697 capiceriatus
2639 3606 2766 3688 sui,

518 3735 824 3813 perpetuo
891 3723 1325 3810 possiderent,
1401 3719 1806 3811 perciperent
1861 3733 1924 3791 et
1986 3722 2298 3790 haberent
2351 3722 2767 3811 quadraginta

517 3835 760 3906 solidos
788 3834 1234 3924 parisiensium
1270 3835 1464 3905 annui
1499 3856 1736 3904 census
1775 3857 1810 3905 a
1846 3838 2011 3905 bone
2036 3833 2348 3905 memorie
2380 3838 2766 3917 Remundo’,

515 3952 660 4039 ejus
699 3951 1182 4038 predecessore,
1221 3947 1481 4019 nomine
1507 3971 1624 4018 suo
1650 3961 1714 4018 et
1754 3947 2180 4044 capiceriatus
2218 3947 2481 4038 predicti
2516 3963 2766 4039 emptos

514 4085 550 4133 a
590 4065 915 4132 deffuncto
956 4065 1282 4152 Stephano
1324 4060 1569 4144 Morini,
1619 4061 1725 4152 qui
1768 4084 2004 4132 census
2046 4062 2286 4153 percipi
2320 4061 2657 4132 consuevit
2695 4067 2763 4134 in

516 4176 706 4245 leudo
772 4178 868 4245 vel
930 4177 1294 4245 retroseudo
1355 4188 1575 4244 nostro
1667 4176 1832 4263 apud
1912 4178 2277 4266 Semayum‚
2355 4177 2760 4265 Magdunum,

515 4290 955 4359 Donesianum
984 4290 1135 4379 (sic)
1173 4301 1239 4358 et
1280 4290 1629 4358 Returnum
1669 4286 1883 4359 Sancti
1908 4288 2235 4360 Benedicti
2259 4290 2338 4360 de
2376 4287 2758 4373 Aurelianis,

587 4583 617 4634 ¹⁷
642 4600 707 4656 21
738 4600 1075 4673 septembre.

588 4689 611 4722 ⁹
649 4690 937 4762 Raymond
970 4690 1039 4745 de
1067 4690 1218 4746 Laon
1245 4690 1364 4759 (Ch.
1396 4689 1802 4760 CCCXXXIV).
