3485 5571
1442 687 1797 757 -123—

1511 1070 1705 1135 LXIII

1547 1329 1666 1395 975

493 1583 741 1653 HugueS,
797 1583 906 1638 duc
953 1582 1022 1638 de
1070 1584 1282 1639 France
1324 1589 1380 1638 et
1426 1584 1694 1655 marquis‚
1752 1585 1890 1640 rend
1935 1587 1968 1640 a
2010 1585 2386 1641 SaInte-Croix
2442 1586 2734 1642 d'Orleans

1255 1674 1500 1747 l'abbaye
1525 1676 1593 1730 de
1625 1675 1977 1732 Saint-Jean.

589 1824 749 1883 (Pub.
783 1825 977 1881 Gallia
1008 1825 1359 1894 Christiana,
1391 1831 1431 1881 t.
1465 1825 1612 1895 VIII,
1645 1825 1752 1882 col.
1784 1824 1912 1895 486,
1945 1825 2163 1898 d’apros
2187 1822 2238 1880 Ie
2269 1825 2608 1897 cartulaire).

580 2069 645 2139 Si
685 2072 822 2140 loca
862 2083 1231 2140 sanctorum
1275 2068 1339 2139 in
1391 2072 1628 2159 quibus
1668 2068 2012 2140 memorias
2076 2092 2300 2140 eorum
2353 2071 2604 2162 agimus
2659 2098 2735 2146 ac

489 2184 741 2256 cineres
804 2183 1231 2269 custodimuS‚
1289 2186 1465 2255 cultu
1526 2186 1646 2275 piae
1715 2183 2077 2255 devotionis
2137 2197 2326 2276 atque
2406 2186 2735 2278 religionis

489 2299 700 2372 officio
731 2301 810 2370 ad
851 2298 1133 2370 melioris
1190 2298 1437 2391 apicem
1495 2311 1703 2369 status
1754 2302 2104 2389 provehere
2169 2323 2495 2383 curemus,
2558 2301 2734 2373 omni

489 2418 813 2486 dubietate
853 2417 1105 2485 seclusa
1132 2413 1458 2485 credimus
1485 2415 1749 2484 eosdem
1774 2412 2276 2505 patrocinatores
2301 2413 2488 2486 nobis
2515 2416 2732 2487 baberi

489 2530 551 2601 in
609 2529 822 2612 coelis‚
863 2532 946 2599 ob
978 2551 1248 2619 quorum
1268 2531 1588 2598 honorem
1619 2531 1762 2599 haec
1790 2550 1983 2619 agere
2022 2531 2360 2599 studemus
2412 2529 2477 2599 in
2518 2531 2729 2601 terris,

485 2647 560 2715 Et
608 2666 997 2735 quamquam
1030 2642 1117 2712 nil
1148 2642 1283 2713 illis
1315 2642 1560 2734 praemii
1601 2646 1969 2714 conseratur
2005 2666 2040 2713 a
2066 2641 2276 2722 nobis,
2311 2641 2498 2714 nobis
2521 2657 2732 2717 tamen

491 2782 741 2832 merces
814 2756 1144 2850 religionis
1218 2772 1646 2851 augmentatae
1729 2755 2111 2850 adquiritur,
2197 2771 2262 2829 et
2332 2780 2460 2830 non
2522 2762 2730 2830 solum

490 2879 717 2945 suturae
772 2872 1180 2965 repensionis
1247 2877 1518 2945 denario
1585 2896 1705 2944 nos
1764 2872 1949 2943 ditari
2009 2871 2420 2957 confidimu8‚
2489 2876 2605 2945 sed
2670 2890 2733 2945 et

490 2991 830 3081 praesentis
869 2987 1013 3059 vitae
1042 2987 1359 3059 curriculo
1389 2991 1469 3058 ab
1509 2986 1996 3058 imminentibus
2054 2986 2443 3058 anxietatum
2488 2988 2735 3078 pericu-

489 3104 592 3186 lis,
635 3103 879 3174 eisdem
904 3100 1503 3187 intervenientibus,
1534 3101 1863 3173 multoties
1903 3100 2182 3172 liberari.
2219 3104 2347 3172 Nec
2387 3099 2532 3173 ideo
2563 3100 2735 3171 disfi-

487 3216 706 3288 dimus
745 3216 799 3288 si
842 3239 968 3287 non
1011 3240 1266 3309 semper
1291 3220 1370 3288 ab
1409 3216 1674 3288 instanti
1714 3216 2007 3307 angustia
2067 3215 2528 3301 subtrahimur,
2584 3239 2731 3287 cum

488 3345 744 3403 constet
776 3334 1038 3402 eosdem
1080 3345 1366 3415 sanctoS,
1412 3343 1478 3401 ut
1519 3333 1928 3421 postmodum
1957 3332 2161 3420 plenae
2189 3329 2509 3401 felicitatis
2535 3329 2733 3421 gloria

490 3445 870 3536 potirentur,
943 3442 1277 3535 praesentis
1353 3443 1532 3534 regni
1612 3440 2130 3513 tribulationibus
2217 3440 2576 3524 tribulatos,
2659 3466 2734 3513 ac

489 3559 684 3630 variis
721 3557 1196 3630 tribulationum
1249 3556 1717 3630 calamitatibus
1765 3570 2021 3628 vexatos
2067 3578 2241 3638 esse,
2286 3578 2449 3645 quos
2520 3570 2733 3627 tamen

370 3762 374 3769 .
490 3674 554 3745 in
616 3672 853 3744 talibus
921 3695 955 3744 a
995 3670 1270 3743 Domino
1343 3674 1616 3743 dilectos
1676 3671 1876 3742 luisse
1939 3694 2131 3743 nemo
2192 3668 2451 3761 sapiens
2503 3693 2734 3741 sanum

492 3789 765 3879 ignorat.
805 3789 929 3858 Sed
971 3800 1035 3858 et
1064 3789 1287 3863 eadem
1314 3790 1454 3858 loca
1495 3799 1866 3857 sanctorum
1908 3807 2310 3876 nequaquam
2350 3784 2736 3857 arbitramur

494 3905 765 3973 honeste
814 3923 1007 3992 posse
1043 3901 1321 3986 tractari,
1357 3899 1410 3970 si
1451 3898 1578 3971 illic
1620 3899 1895 3971 Domino
1961 3913 2181 3971 nostro
2249 3904 2402 3971 Jesu
2475 3899 2726 3971 Christo

495 4015 947 4087 famulantibus
1032 4028 1099 4085 et
1161 4013 1443 4084 divinum
1516 4014 1795 4085 osticium
1894 4014 2406 4105 persolventibus
2500 4014 2732 4106 stipem

492 4129 771 4201 debitam
795 4132 1216 4221 denegemus,
1250 4142 1311 4199 et
1340 4151 1413 4199 ea
1443 4152 1586 4219 quae
1606 4126 1709 4199 alii
1753 4131 1835 4200 ob
1874 4132 2344 4199 redemtionem
2370 4127 2732 4199 animarum

492 4267 751 4316 suarum
797 4246 1230 4330 contulerunt,
1268 4254 1486 4313 nostra
1524 4243 1780 4313 avaritia
1817 4245 2295 4333 detorquemus,
2329 4248 2732 4334 Quapropter

494 4358 757 4430 minime
796 4357 1216 4428 dubitandum
1256 4370 1356 4428 est
1401 4358 1661 4428 aeternis
1708 4379 1827 4427 nos
1859 4355 2189 4448 suppliciis
2226 4356 2633 4448 affligendos,
2679 4357 2733 4429 si

492 4473 759 4545 aliorum
789 4486 932 4543 vota
954 4487 1082 4542 tam
1123 4470 1460 4543 temerarie
1504 4471 1899 4565 applicamus
1957 4470 2181 4541 usibus
2218 4470 2490 4542 nostris.
2557 4474 2734 4543 Unde

494 4586 684 4659 etiam
724 4589 1059 4677 cujusdam
1086 4585 1200 4656 viri
1231 4584 1540 4677 sapientis
1580 4590 1999 4657 admonemur
2039 4586 2472 4671 documentis,
2498 4583 2734 4676 quibus

496 4700 581 4774 ait
622 4705 833 4777 :Ante
871 4712 1139 4773 mortem
1174 4724 1476 4796 proepara
1523 4704 1643 4772 tibi
1674 4704 2015 4794 justitiam
2079 4703 2389 4793 quoniam
2447 4723 2580 4771 non
2643 4712 2734 4772 est
