3485 5571
1352 689 1587 752 —251
1636 724 1710 735 —-

1436 1064 1641 1125 CLXV

1355 1340 1714 1402 Aout1215

394 1573 684 1643 L¹eveque
711 1570 966 1626 Manasse
1004 1586 1246 1626 renonce
1270 1570 1304 1624 a
1346 1569 1620 1626 reclamor
1660 1587 1734 1626 au
1777 1570 2026 1645 chapitre
2073 1577 2271 1643 quatre
2322 1577 2550 1644 arpents
2582 1573 2650 1629 de

468 1671 578 1741 pre
605 1669 640 1723 a
669 1669 917 1734 Mareau,
951 1668 1123 1739 qu'on
1152 1666 1313 1721 disait
1342 1668 1422 1721 lui
1450 1667 1791 1738 appartenir,
1832 1673 1886 1723 et
1921 1667 2256 1724 abandonne
2287 1684 2359 1724 au
2405 1669 2656 1741 chapitre

472 1781 571 1820 ses
591 1765 770 1819 droits
807 1780 953 1836 pour
976 1763 1395 1819 l'anniversaire
1424 1764 1494 1819 de
1516 1762 1610 1819 feu
1640 1763 1874 1833 Robert,
1899 1764 2131 1820 chantre
2157 1764 2473 1820 d’OrleanS.

874 1910 1049 1980 (Orig.
1083 1927 1129 1964 s.
1150 1910 1341 1981 parch.
1383 1910 1554 1964 Arch.
1606 1909 1683 1964 du
1710 1908 1918 1965 Loiret.
1953 1909 2019 1965 G.
2051 1910 2192 1978 348)

487 2131 870 2214 Manasses,
951 2127 1068 2199 Dei
1113 2126 1325 2219 gracia
1372 2125 1850 2199 Aurelianensis
1899 2127 2270 2219 episcopus,
2335 2129 2659 2199 universis

397 2242 820 2335 presentibus
882 2242 1116 2333 pariter
1154 2257 1219 2313 et
1280 2240 1506 2312 tuturis
1546 2245 1818 2313 salutem
1871 2241 1936 2312 in
1995 2243 2295 2314 Domino.
2360 2242 2660 2313 Noverint

401 2357 694 2429 universi
734 2360 1078 2448 quodcum
1158 2356 1430 2427 dilectus
1498 2353 1664 2425 lilius
1735 2358 1901 2426 bone
1951 2356 2259 2427 memorie
2309 2360 2652 2441 RobertuS,

396 2473 735 2562 quondam
805 2486 1028 2542 cantor
1093 2467 1592 2550 Aurelianensis»,
1675 2484 1948 2560 quatuor
2008 2484 2271 2562 arpenta
2333 2483 2656 2562 pratorum

394 2589 573 2678 apud
644 2586 967 2657 Marolium
1027 2586 1295 2657 sitorum
1350 2583 1776 2673 possedisset,
1839 2606 2041 2676 eaque
2102 2587 2381 2656 ecclesie
2424 2590 2655 2655 Sancte

399 2701 636 2772 Crucis
675 2697 1148 2771 Aurelianensis
1191 2720 1303 2791 pro
1341 2697 1778 2768 anniversario
1818 2720 1936 2768 suo
1990 2698 2054 2767 in
2106 2701 2331 2770 eadem
2379 2701 2658 2771 ccclesia

400 2816 601 2888 aunis
656 2815 926 2906 singulis
986 2815 1371 2886 celebrando
1410 2812 1475 2884 in
1529 2826 1902 2904 perpetuam
1941 2816 2386 2884 ellemosinam
2426 2829 2654 2886 contu-

359 2931 616 3013 lisset,
698 2950 841 3010 nos,
903 2926 1173 2998 intuictu
1232 2929 1655 3018 quorumdam
1719 2926 1906 2997 nobis
1974 2927 2401 2998 asserentium
2467 2943 2644 3019 prata

398 3045 509 3116 illa
595 3045 675 3113 de
750 3064 1018 3132 corpore
1091 3039 1502 3133 episcopatus
1548 3041 2025 3112 Aurelianensis
2063 3040 2378 3127 extitisse,
2419 3044 2527 3132 jus
2592 3042 2655 3112 in

398 3157 658 3230 eisdem
698 3161 990 3247 cepimus
1027 3158 1395 3226 reclamare.
1437 3159 1667 3225 Verum
1698 3156 1777 3224 ad
1820 3155 2197 3245 petitionem
2234 3158 2657 3245 quorumdam

401 3274 795 3343 dilectorum
840 3284 1201 3340 nostrorum
1259 3292 1293 3339 a
1333 3267 1788 3340 reclamatione
1829 3268 1932 3338 illa
1973 3268 2364 3352 destitimuS,
2416 3268 2469 3339 si
2503 3270 2658 3359 quid

393 3390 565 3478 juris
592 3386 661 3455 in
700 3384 943 3456 eisdem
995 3385 1411 3469 habebamus,
1470 3381 1722 3453 dilectis
1777 3381 1925 3453 filiis
1987 3384 2234 3454 decano
2273 3398 2336 3454 et
2379 3385 2660 3474 capitulo

402 3500 981 3571 Aurelianensibus
1039 3501 1120 3569 ob
1175 3496 1531 3568 remedium
1606 3494 1816 3568 anime
1870 3497 2299 3586 prenominati
2373 3500 2658 3569 cantoris

402 3615 762 3687 liberaliter
791 3627 855 3684 et
889 3612 1358 3704 imperpetuum
1389 3613 1848 3682 concedentes.
1895 3614 2081 3696 Quod
2112 3624 2179 3680 ut
2217 3615 2468 3681 firmum
2515 3636 2660 3704 per·

403 3742 702 3801 maneret
740 3742 805 3799 et
849 3727 1176 3819 cognitum
1240 3739 1573 3818 presentes
1631 3725 1874 3795 litteras
1929 3724 2118 3815 sigilli
2188 3726 2388 3795 nostri
2454 3726 2659 3798 muni-

404 3845 586 3915 mine
649 3840 917 3913 lecimus
973 3841 1286 3913 roborari.
1322 3845 1545 3910 Actum
1594 3862 1764 3908 anno
1818 3836 2274 3909 incarnationis
2326 3839 2661 3912 Dominice

404 3956 759 4029 millesimo
800 3958 1243 4028 ducentesimo
1269 3954 1492 4045 quinto
1531 3954 1810 4039 decimo,
1854 3975 2077 4024 mense
2107 3967 2405 4044 augusto.
