3485 5571
1380 706 1456 720 -
1499 671 1739 736 229-

1442 1050 1676 1113 CXLVI

1457 1351 1613 1414 1207

423 1604 694 1674 Echange
727 1603 796 1657 de
825 1604 879 1659 la
897 1601 1189 1659 foresterie
1204 1603 1303 1658 des
1330 1602 1454 1659 bois
1479 1603 1549 1660 de
1576 1603 1911 1676 Planquine‚
1940 1602 2307 1659 abandonnee
2322 1619 2423 1674 par
2444 1602 2678 1659 Etienne

488 1701 679 1756 Huret
710 1704 765 1755 et
811 1715 872 1754 sa
901 1700 1110 1755 femme
1147 1715 1219 1754 au
1248 1698 1518 1771 chapitre,
1546 1699 1643 1771 qui
1665 1699 1746 1754 lui
1773 1699 1957 1756 donne
1985 1715 2075 1754 ses
2101 1699 2292 1771 vignes
2321 1698 2397 1754 du
2441 1697 2553 1755 lieu
2596 1697 2679 1755 dit

492 1818 517 1851 ι
538 1800 732 1871 Lepus
764 1817 814 1866 ι,
842 1799 916 1853 ou
944 1798 985 1853 il
1014 1814 1142 1853 sera
1185 1803 1406 1869 sergent
1452 1798 1522 1853 de
1560 1798 1962 1866 Sainte-Croix‚
1990 1803 2113 1855 tout
2135 1801 2438 1854 eurestant
2460 1797 2580 1854 serf
2601 1814 2614 1853 ε
2638 1796 2680 1852 il

482 1895 679 1966 paiera
703 1893 1016 1950 seulement
1043 1892 1115 1949 18
1139 1893 1363 1950 deniers
1394 1894 1463 1948 de
1490 1910 1623 1949 cens
1658 1911 1761 1966 par
1814 1911 1907 1968 an,
1966 1899 2022 1951 et
2069 1909 2277 1961 pourra
2327 1894 2540 1951 vendre
2581 1909 2676 1951 ces

486 1990 704 2061 vignes,
727 1989 779 2045 le
805 1989 1054 2060 chapitre
1084 1994 1246 2060 ayant
1272 1990 1328 2045 la
1363 1990 1712 2060 preference.

823 2135 1002 2207 (Orig.
1033 2134 1205 2192 Arch.
1229 2134 1306 2190 du
1336 2134 1521 2194 Loiret
1560 2134 1646 2205 (33
1678 2136 1934 2192 mention
1963 2134 2305 2208 Scriptum).

502 2382 860 2462 ManasseS‚
930 2376 1046 2450 Dei
1113 2382 1321 2469 gratia
1389 2377 1870 2451 Aurelianensis
1936 2377 2307 2469 episcopuS,
2368 2376 2674 2450 omnibus

415 2504 760 2585 presentes
798 2491 1044 2564 litteras
1084 2491 1475 2584 inspecturis
1537 2492 2037 2585 imperpetuum.
2092 2490 2352 2564 Noverit
2413 2490 2669 2564 univer-

416 2606 575 2679 sitas
613 2620 826 2678 vestra
858 2608 1029 2696 quod
1071 2610 1436 2699 Stephanus
1472 2611 1667 2678 Huret
1727 2619 1793 2678 et
1832 2630 1987 2677 uxor
2050 2605 2284 2697 ipsius,
2341 2605 2407 2676 in
2447 2619 2669 2678 nostra

419 2718 753 2812 presencia
772 2718 1551 2810 constituti,}lorestariam
1571 2722 1854 2792 nemoris
1876 2716 2133 2811 capituli
2159 2722 2392 2791 Sancte
2417 2717 2666 2806 Crucis,

413 2837 581 2925 quod
626 2832 1017 2925 Planquenia
1076 2848 1509 2926 nuncupatur,
1551 2834 1671 2926 ipsi
1712 2834 1992 2927 capitulo
2062 2835 2321 2927 penitus
2381 2832 2667 2925 quitave-

413 2962 589 3032 runt,
623 2970 768 3019 eam
828 2948 1017 3018 nobis
1054 2947 1465 3020 audientibus
1494 2962 1560 3020 et
1602 2948 1968 3021 videntibus
2002 2948 2429 3039 resignantes.
2489 2950 2665 3020 Idem

413 3075 632 3134 autem
674 3061 1025 3153 capitulum
1059 3062 1279 3134 vineas
1308 3086 1488 3146 suas,
1532 3066 1691 3134 sitas
1720 3064 1802 3134 ad
1840 3066 2052 3135 locum
2108 3060 2214 3152 qui
2262 3067 2470 3154 Lepus
2509 3063 2668 3133 dici-

414 3189 540 3258 tur,
570 3173 671 3246 eis
701 3188 1017 3246 eteorum
1057 3176 1404 3246 heredibus
1434 3174 1501 3245 in
1540 3178 1914 3247 excanbium
1969 3177 2260 3266 ejusdem
2337 3174 2666 3263 lorostaria

413 3286 691 3358 contulit
736 3302 1044 3379 perpetuo
1083 3287 1537 3380 possidendas,
1587 3290 1819 3360 eodem
1895 3291 2219 3380 Stephano
2285 3286 2351 3357 in
2400 3286 2667 3380 pristina

412 3400 724 3472 servitute
787 3399 1056 3492 ‚capituli
1116 3414 1518 3487 remanente,
1572 3404 1821 3472 nullum
1881 3414 2097 3473 tamen
2145 3399 2425 3492 capitulo
2494 3399 2667 3493 capi-

412 3515 659 3607 tagium
699 3518 797 3587 vel
828 3514 1366 3588 consuetudinem
1407 3516 1597 3587 aliam
1635 3518 1956 3600 soluturo,
2005 3528 2106 3587 set
2146 3517 2370 3587 decem
2403 3528 2467 3587 et
2515 3527 2663 3586 octo

411 3630 716 3702 denarios
755 3651 992 3701 census
1068 3652 1185 3722 pro
1227 3627 1459 3717 vineis,
1500 3629 1687 3701 annis
1727 3632 2034 3721 singulis,
2095 3628 2161 3699 in
2228 3633 2394 3701 festo
2451 3630 2659 3700 sancti

411 3742 685 3834 Remigii
715 3741 1071 3815 reddituro.
1116 3747 1501 3836 Adiunctum
1541 3756 1642 3816 est
1669 3744 1860 3815 etiam
1885 3746 2055 3836 quod
2093 3767 2240 3816 cum
2302 3766 2416 3837 pro
2455 3747 2662 3816 sores-

413 3862 571 3931 taria
603 3873 910 3931 noscatur
952 3859 1210 3952 capituli
1241 3859 1528 3932 serviens
1576 3860 1888 3945 extitisse,
1932 3864 2058 3932 erit
2088 3883 2203 3952 pro
2241 3858 2445 3932 vineis
2488 3864 2661 3952 ejus-

412 3976 560 4047 dem
604 3971 922 4057 serviens,
992 3976 1141 4044 dum
1206 3973 1427 4046 vineas
1483 3973 1860 4066 possidebit.
1920 3973 2257 4047 concessit
2331 3988 2543 4046 autem
2599 3974 2658 4047 ei

415 4091 769 4181 capitulum
810 4102 879 4158 ut
916 4091 995 4159 de
1029 4088 1385 4160 vendendis
1425 4087 1629 4159 vineis
1668 4088 1961 4173 liberam,
1999 4089 2049 4160 si
2092 4088 2388 4174 voluerit,
2429 4092 2661 4160 habeat

414 4205 804 4287 lacultatem,
850 4224 961 4273 eas
997 4216 1208 4273 tamen
1240 4200 1345 4272 alii
1374 4226 1564 4293 quam
1614 4201 1894 4293 capitulo
1956 4205 2322 4274 nullatenus
2364 4201 2660 4274 venditu-

415 4340 546 4404 rus,
593 4320 746 4387 dum
775 4318 951 4406 ipsas
974 4318 1151 4408 justo
1182 4315 1396 4408 precio
1425 4318 1596 4407 quod
1637 4317 1801 4387 alius
1842 4315 1991 4388 inde
2041 4316 2343 4388 obtulerit
2417 4317 2662 4409 capitu-

418 4434 547 4501 lum
587 4430 858 4502 voluerit
897 4454 1291 4523 comparare.
1342 4435 1477 4502 Hoc
1518 4430 1709 4523 igitur
1748 4435 2155 4504 excambium
2196 4432 2336 4525 ipse
2397 4438 2662 4526 Stepha-

421 4567 542 4617 nus
602 4558 668 4617 et
737 4568 892 4616 uxor
950 4569 1061 4617 sua
1132 4569 1202 4618 se
1247 4545 1512 4617 firmiter
1588 4560 1980 4631 servaturos,
2044 4549 2168 4618 lide
2241 4548 2662 4639 corporaliter

424 4662 706 4752 prestita,
752 4659 1216 4754 promiserunt,
1257 4661 1452 4733 nichil
1490 4661 1749 4754 penitus
1787 4660 1851 4732 in
1907 4664 2145 4754 prelata
2187 4662 2515 4735 forestaria
2577 4667 2660 4737 de
