3485 5571
1847 675 2180 738 -526—

881 802 1032 874 sarii
1056 804 1342 894 ejusdem
1376 801 1544 894 regis
1572 799 1873 873 Ludovici
1903 799 2228 893 sexaginta
2252 799 2464 888 solidi,
2504 814 2571 873 et
2595 800 2663 871 in
2702 801 2809 871 die
2845 799 3136 871 anniver-

880 916 1031 988 sarii
1084 916 1297 988 uxoris
1353 938 1469 987 sue
1529 916 1916 987 Constancie
1972 914 2217 1005 regine,
2267 938 2392 1007 que
2453 919 2521 985 in
2573 918 2801 986 eadem
2843 913 3127 986 ecclesia

879 1029 1384 1104 consecrationis
1423 1052 1539 1101 sue
1577 1028 2094 1101 benedictionem
2135 1030 2409 1121 accepit,
2466 1028 2888 1121 quadraginta
2940 1026 3134 1100 solidi

878 1146 1344 1236 persolventur,
1385 1142 1479 1213 sic
1529 1155 1597 1213 ut
1655 1140 1950 1214 canonici
2027 1142 2262 1235 singuli
2299 1142 2408 1235 qui
2448 1143 2711 1215 servitio
2756 1141 3128 1213 intererunt

875 1262 1084 1333 XII‘2im
1146 1261 1469 1347 denarioS‚
1547 1283 1674 1331 non
1737 1259 2029 1332 canonici
2106 1283 2257 1333 vero
2326 1273 2600 1353 quatuor
2671 1258 3057 1332 sortiantur.
3088 1264 3132 1329 A

877 1378 1153 1450 crastina
1194 1374 1297 1447 die
1333 1373 1742 1446 Exaltationis
1778 1379 2014 1446 Sancte
2054 1374 2277 1446 Crucis
2317 1390 2577 1446 centum
2616 1373 2707 1444 illi
2736 1373 2929 1446 solidi
3005 1387 3128 1445 tam

876 1493 941 1562 in
981 1488 1159 1561 altari
1186 1512 1371 1581 quam
1424 1491 1490 1559 in
1522 1487 1720 1560 calice
1753 1488 2025 1580 singuiis
2065 1488 2252 1561 annis
2318 1490 2712 1581 recipientur
2749 1490 2968 1561 donec
3037 1488 3130 1559 in·

875 1619 1051 1696 tegre
1089 1606 1316 1675 eodem
1360 1606 1551 1674 modo
1584 1627 1713 1693 quo
1751 1619 1814 1674 et
1856 1604 2172 1693 premisse
2203 1606 2427 1675 decem
2459 1602 2619 1674 libre
2651 1606 3123 1695 persolvantur.

878 1722 1007 1791 Hec
1051 1731 1416 1809 pretaxatus
1462 1715 1764 1789 dominus
1801 1740 1910 1789 rex
1951 1716 2312 1789 Ludovicus
2349 1716 2549 1789 voluit
2596 1732 2660 1789 et
2697 1718 3032 1790 concessit
3067 1731 3126 1789 et

876 1831 1115 1925 scripto
1139 1846 1204 1904 et
1241 1830 1431 1923 sigilli
1470 1832 1569 1902 sui
1613 1829 1971 1903 munimine
2006 1831 2328 1904 roboravit
2357 1833 2404 1902 ¹.
2468 1831 2785 1924 Quicquid
2831 1834 3122 1904 redditus

875 1951 1044 2018 bone
1114 1948 1436 2037 quondam
1489 1945 1801 2018 memorie
1862 1949 2126 2034 Fulcho,
2212 1951 2444 2020 Sancte
2509 1945 2731 2018 Crucis
2771 1946 3123 2018 canonicus

875 2064 1091 2144 levita,
1134 2058 1201 2130 in
1239 2063 1519 2132 ecclesia
1567 2063 1647 2133 de
1712 2059 2088 2146 Villeniaco,
2156 2064 2234 2132 de
2300 2059 2603 2133 Gisdiaco
2651 2063 2836 2133 etde
2877 2061 3118 2132 Ottardi

872 2175 1018 2245 villa
1056 2176 1355 2259 habebat,
1407 2188 1470 2246 et
1511 2198 1631 2265 ego
1670 2190 1819 2246 ante
1857 2174 2105 2246 obitum
2145 2178 2286 2266 ejus
2326 2178 2668 2259 habebam,
2713 2189 2924 2245 totum
2951 2179 3117 2266 Jam-

874 2288 1066 2360 dictis
1096 2287 1427 2360 canonicis
1468 2290 1534 2358 in
1555 2302 1937 2381 perpetuum
1972 2291 2228 2361 donavi.
2267 2294 2394 2362 Hec
2433 2305 2502 2361 ut
2533 2306 2667 2361 rata
2696 2305 3115 2381 permaneant

874 2401 1067 2493 sigilli
1100 2401 1227 2473 mei
1256 2404 1590 2475 actoritate
1630 2403 2060 2474 corroboravi.
2095 2411 2320 2474 Actum
2370 2404 2627 2495 publice
2665 2401 3028 2474 Aurelianis
3057 2402 3112 2471 iu

873 2520 1182 2611 capitulo,
1223 2540 1395 2589 anno
1433 2521 1512 2588 ab
1550 2515 1991 2590 incarnatione
2028 2517 2281 2589 Domini
2343 2521 2653 2602 MCLXXI,
2703 2518 3113 2611 episcopatus

875 2630 998 2703 mei
1072 2653 1240 2702 anno
1296 2634 1499 2713 XXVl,
1566 2646 1876 2716 regnante
1946 2632 2290 2716 Ludovico,
2342 2631 2643 2704 Ludovici
2703 2632 2875 2716 filio,
2960 2654 3110 2703 anno

871 2749 1101 2818 XXXV.
1167 2744 1537 2816 Astantibus
1561 2768 1814 2817 mecum
1846 2749 2108 2838 Hugone
2147 2749 2415 2833 decano,
2455 2746 2777 2817 Willelmo
2832 2761 3108 2830 cantore,

873 2863 1136 2932 Letoldo
1158 2863 1552 2948 subdecano,
1588 2865 1873 2932 Manasse
1897 2860 2237 2953 capicerio,
2268 2860 2742 2932 archidiaconis
2773 2864 3101 2944 Herberto‚

873 2977 1124 3057 odone,
1200 2972 1519 3056 HainricO,
1576 2978 1935 3045 Guarnaldo
2002 2990 2407 3056 succentore.
2458 2974 2720 3046 Martino
2758 2978 3108 3066 capellano,

870 3091 1171 3160 Jobanne
1192 3086 1751 3180 archipresbitero,
1787 3092 2062 3174 Andrea,
2097 3092 2408 3171 Iohanne,
2441 3091 2814 3180 Vulgarin0,
2862 3093 3109 3180 Hugone

872 3204 1317 3275 sacerdotibus
1396 3217 1461 3273 et
1499 3200 1862 3287 canonicis,
1920 3218 1985 3274 et
2040 3204 2184 3275 aliis
2225 3207 2718 3294 quampluribus
2787 3203 3105 3275 canonicis

872 3343 1144 3411 quorum
1175 3323 1480 3412 longuum
1555 3334 1656 3392 est
1719 3342 2100 3393 enumerare
2169 3321 2456 3394 nomina.
2514 3326 2674 3392 Data
2739 3322 3105 3393 cancellario

876 3437 1080 3506 nullo.

936 4709 958 4746 ¹
987 4709 1093 4766 Gh.
1125 4710 1267 4766 LIII.
