3485 5571
1356 686 1713 756 -289-

397 844 543 892 rum
575 823 851 892 duorum
896 835 1308 912 arpennorum
1365 834 1636 911 quatuor
1675 818 1919 890 solidos
1975 830 2326 891 memorato
2371 818 2649 888 Roberto

397 955 473 1005 se
511 937 901 1021 soluturum,
966 936 1088 1005 hoc
1149 931 1365 1005 addito
1418 932 1593 1024 quod
1651 933 1703 1004 si
1757 933 1971 1003 dictus
2028 934 2170 1002 Milo
2240 932 2304 999 in
2371 928 2655 1021 predicta

398 1047 836 1120 decimatione
876 1051 1020 1139 plus
1045 1071 1236 1139 quam
1265 1051 1394 1119 duo
1424 1060 1690 1138 arpenta
1720 1044 2047 1117 vinearum
2088 1048 2377 1129 haberet,
2421 1067 2658 1116 secun-

399 1164 560 1232 dum
615 1160 1038 1254 quantitatem
1093 1164 1424 1233 vinearum
1470 1174 1947 1252 agmentaretur
2004 1181 2311 1231 numerus
2381 1172 2659 1250 quatuor

400 1278 767 1348 solidorum
792 1275 1337 1369 supradictorum.
1375 1277 1609 1348 Sivero
1641 1272 1813 1346 dicte
1838 1278 2027 1346 vinee
2066 1276 2144 1345 ad
2172 1272 2365 1344 alium
2396 1271 2656 1344 deveni-

396 1403 577 1475 rent,
637 1393 1012 1462 earumdem
1052 1392 1387 1463 vinearum
1440 1411 1786 1481 possessor
1841 1391 1921 1460 de
1983 1411 2370 1479 unoquoque
2440 1389 2658 1458 modio

399 1518 764 1578 memorato
799 1507 1075 1577 Roberto
1115 1508 1408 1597 lagenam
1441 1504 1570 1574 vini
1603 1526 1717 1597 pro
1745 1503 1996 1575 decima
2023 1506 2273 1575 solvere
2304 1517 2658 1576 teneretur.

399 1624 680 1712 Insuper
717 1617 1201 1711 prenominatus
1225 1617 1366 1691 Milo
1407 1618 1470 1689 in
1501 1621 1669 1690 festo
1699 1621 1871 1690 beati
1911 1616 2153 1689 Martini
2183 1616 2495 1709 hyemalis
2527 1617 2662 1689 dic-

400 1749 538 1805 tam
571 1755 891 1806 summam
923 1733 1195 1825 pecunie
1225 1757 1340 1825 pro
1369 1731 1721 1826 prescripta
1761 1730 2010 1805 decima
2036 1736 2284 1804 solvere
2313 1731 2656 1804 tenebitur.

401 1849 473 1918 Si
514 1871 672 1920 vero
734 1849 948 1919 dictus
989 1846 1129 1919 Milo
1185 1846 1250 1918 in
1288 1849 1392 1919 die
1432 1861 1763 1939 prenotata
1809 1847 2146 1939 pecuniam
2188 1869 2317 1918 non
2378 1849 2657 1917 solveret

401 1964 874 2053 supradictam,
925 1964 1202 2054 dampna
1230 1975 1296 2033 et
1333 1963 1692 2053 deperdita,
1726 1984 1856 2052 que
1892 1983 2005 2053 pro
2028 1962 2280 2033 defectu
2311 1958 2653 2031 solutionis

403 2078 694 2168 prelatus
731 2077 1052 2147 Robertus
1102 2077 1481 2160 sustineret,
1549 2077 1693 2147 siue
1725 2076 2093 2166 juramento
2132 2073 2342 2146 eidem
2376 2078 2657 2146 Roberto

402 2188 721 2262 resarcire
761 2203 1110 2262 teneretur.
1146 2193 1219 2259 In
1256 2192 1441 2281 cujus
1493 2188 1584 2260 rei
1657 2188 2033 2260 memoriam
2085 2202 2148 2260 et
2212 2187 2652 2260 testimonium

402 2315 748 2395 presentes
813 2300 1058 2375 litteras
1141 2303 1220 2374 ad
1297 2300 1784 2393 requisitionem
1860 2302 2135 2394 partium
2212 2301 2400 2394 sigilli
2481 2302 2655 2373 curie

404 2414 745 2510 l.[eberti],
776 2416 999 2488 decani
1042 2414 1543 2499 Aurelianensis,
1582 2415 1824 2486 domini
1877 2416 2077 2488 nostri
2123 2416 2475 2488 munimine
2511 2414 2660 2487 feci-

404 2555 554 2602 mus
593 2529 902 2601 roborari.
960 2537 1187 2602 Actum
1240 2552 1410 2601 anno
1470 2532 1730 2601 Domini
1780 2533 1937 2604 MCC
1995 2530 2302 2602 vicesimo
2341 2533 2654 2615 secundo,

404 2668 635 2718 mense
664 2645 876 2739 aprili.

1430 2961 1667 3024 cxcix

1291 3237 1572 3300 Octobre
1616 3236 1770 3298 1222

406 3464 621 3534 Agnes,
662 3465 817 3518 mere
856 3463 1097 3520 d’Eudes
1128 3467 1295 3522 Borel
1336 3467 1405 3523 de
1450 3461 1794 3536 Courtalain,
1841 3482 2124 3538 approuve
2169 3482 2300 3521 sans
2345 3465 2574 3521 reservo
2604 3464 2657 3520 la

588 3566 751 3615 vente
780 3560 849 3615 de
876 3559 931 3615 la
954 3560 1103 3617 dlme
1131 3565 1200 3617 de
1228 3562 1532 3620 Fontaines
1555 3563 1681 3618 saite
1709 3578 1783 3617 au
1811 3561 2059 3634 chapitre
2087 3579 2188 3634 par
2214 3578 2319 3618 son
2348 3563 2458 3618 fils.

554 3705 730 3777 (Orig.
765 3723 809 3760 s,
843 3707 1032 3778 parch.
1081 3708 1250 3764 Arch.
1285 3709 1360 3764 dn
1389 3709 1601 3779 Loiret,
1642 3709 1709 3764 G.
1741 3707 1888 3779 3253
1922 3709 2171 3764 mention
2212 3707 2544 3779 Scriptum.)

502 3893 816 3986 Philipus,
883 3896 998 3968 Dei
1088 3897 1286 3989 gratia
1358 3897 1837 3971 Aurelianensis
1909 3897 2280 3990 episcopus,
2352 3900 2656 3969 omnibus

408 4023 749 4099 presentes
810 4008 1054 4082 litteras
1109 4010 1497 4101 inspecturis
1537 4014 1811 4084 salutem
1881 4013 1942 4081 in
2005 4012 2307 4084 Domino.
2352 4011 2653 4083 Noverint

413 4120 697 4194 universi
730 4127 902 4215 quod
940 4124 1174 4195 nobilis
1208 4124 1440 4198 mulier
1480 4131 1712 4217 Agnez,
1752 4140 1956 4197 mater
1992 4124 2227 4197 nobilis
2264 4125 2376 4195 viri
2410 4128 2660 4197 Odonis

415 4236 632 4308 Borrel
663 4238 743 4308 de
781 4236 971 4309 Curia
1011 4237 1211 4321 Alani,
1249 4237 1493 4322 militis,
1536 4238 1602 4308 in
1642 4255 1862 4311 nostra
1903 4237 2253 4310 constituta
2293 4241 2656 4330 presencia,

415 4348 860 4421 vendicionem
887 4349 1137 4422 decime
1176 4354 1256 4423 de
1288 4352 1617 4437 Fontauis‚
1645 4376 1838 4444 quam
1874 4352 2085 4424 dictus
2112 4355 2254 4424 Odo
2280 4352 2431 4425 lecit
2461 4352 2662 4423 dilec-

415 4464 497 4537 tis
543 4466 693 4537 filiis
732 4470 975 4540 decano
1014 4482 1078 4539 et
1130 4466 1411 4560 capitulo
1443 4469 2038 4555 AurelianensibuS,
2081 4467 2431 4555 concessit,
2467 4469 2665 4541 voluit

417 4594 481 4653 et
516 4583 826 4667 laudavit,
876 4581 1258 4674 promittens
1296 4586 1423 4656 fide
1463 4582 1525 4654 in
1582 4607 1774 4655 manu
1814 4599 2033 4655 nostra
2075 4585 2339 4676 prestita
2386 4586 2559 4676 quod
2594 4582 2659 4654 in

417 4696 585 4767 dicta
621 4694 868 4768 decima
907 4697 1152 4769 ratione
1182 4695 1468 4769 dotalicii
1521 4701 1617 4768 vel
1673 4696 1800 4770 alio
1829 4699 2022 4770 modo
2064 4697 2261 4769 nichil
2291 4721 2404 4790 per
2438 4722 2510 4769 se
2570 4701 2666 4769 vel

597 4837 746 4896 usu.
785 4851 921 4898 xxx.
2425 4840 2495 4897 19
