3485 5571
1375 675 1605 738 —391
1659 711 1733 723 —

415 808 595 897 quod
636 820 857 876 contra
893 803 1077 876 istam
1128 805 1538 876 donationem
1592 817 1656 875 et
1695 805 2116 894 quitationem
2156 831 2270 900 per
2311 833 2381 879 se
2437 813 2532 880 vel
2571 833 2688 901 per

415 919 619 991 alium
653 942 780 990 non
817 921 1060 990 veniret
1100 920 1164 989 in
1204 922 1486 988 futurum
1549 932 1612 990 et
1651 921 1823 1009 quod
1884 923 2051 990 bona
2105 924 2229 993 lide
2270 922 2508 993 dictam
2551 936 2679 994 ter-

417 1057 561 1105 ram
611 1033 925 1124 garentiet
963 1036 1208 1104 decano
1255 1046 1319 1102 et
1359 1031 1640 1123 capitulo
1683 1034 2080 1104 memoratis.
2125 1032 2246 1119 Qui
2299 1036 2584 1106 decanus
2620 1051 2686 1106 et

422 1146 784 1237 capitulum
824 1149 1063 1218 dictam
1104 1144 1423 1217 decimam
1464 1145 1864 1216 dimittentes
1894 1160 1958 1217 et
1987 1146 2335 1236 quitantes‚
2378 1148 2684 1238 quicquid

415 1263 600 1352 juris
650 1259 713 1331 in
746 1283 820 1332 ea
858 1262 1183 1331 habebant
1222 1258 1484 1351 penitus
1537 1257 1929 1330 remiserunt
1968 1274 2029 1330 et
2092 1259 2280 1330 dictis
2323 1261 2584 1332 Fulconi
2626 1276 2690 1333 et

419 1374 574 1445 aliis
611 1373 960 1446 heredibus
1017 1387 1313 1465 patentes
1352 1396 1503 1444 suas
1546 1371 1789 1444 litteras
1845 1396 2041 1464 super
2099 1373 2456 1464 quitatione
2497 1378 2690 1447 dede-

421 1502 602 1559 runt.
648 1486 1084 1560 prenominati
1123 1510 1275 1558 vero
1305 1491 1498 1557 Fulco
1537 1501 1600 1557 et
1637 1486 1742 1557 alii
1775 1489 2050 1558 heredes
2078 1502 2139 1558 et
2181 1511 2329 1558 cum
2360 1490 2456 1560 eis
2502 1489 2693 1560 Robi-

419 1626 553 1674 nus
585 1601 795 1673 dictus
825 1605 1127 1688 Vavasor,
1161 1599 1429 1672 maritus
1457 1597 1627 1672 dicte
1659 1599 1967 1686 Elisabet‚
1998 1602 2065 1671 in
2096 1616 2315 1673 nostra
2359 1602 2693 1695 presencia

420 1713 787 1799 constituti,
818 1713 1220 1806 quitaverunt
1262 1714 1473 1787 dictos
1533 1718 1851 1786 decanum
1888 1729 1954 1787 et
1983 1715 2335 1806 capitulum
2384 1731 2448 1788 et
2477 1720 2691 1788 absol-

418 1843 656 1902 verunt
710 1832 973 1922 penitus
1029 1833 1108 1901 de
1162 1829 1479 1900 fructibus
1537 1832 1698 1900 ultra
1765 1844 2008 1900 sortem
2062 1830 2367 1922 receptis,
2426 1831 2689 1922 promit-

421 1959 642 2017 tentes
713 1963 883 2017 etc...
948 1950 1159 2037 Agnes
1219 1968 1397 2032 vero,
1464 1968 1618 2016 uxor
1671 1942 1829 2015 dicti
1888 1943 2164 2027 Odoni8‚
2219 1968 2433 2016 coram
2497 1948 2688 2017 nobis

421 2059 733 2153 quicquid
766 2063 1013 2132 ratione
1043 2060 1238 2143 dotiS,
1272 2071 1446 2131 etc...
1492 2058 1825 2130 Predictus
1863 2083 2010 2130 vero
2048 2064 2373 2131 lohannes
2410 2063 2489 2132 de
2529 2065 2689 2152 Mag·

422 2178 607 2245 duno
640 2177 894 2246 leodum
945 2177 1118 2265 quod
1165 2173 1252 2244 ibi
1305 2176 1581 2245 habebat
1619 2195 1835 2244 coram
1876 2175 2069 2244 nobis
2114 2174 2404 2264 quitavit,
2440 2172 2689 2246 remisit

421 2288 492 2359 in
524 2303 903 2380 perpetuum
931 2301 993 2358 et
1020 2286 1528 2369 admortificavit‚
1561 2289 1685 2357 fide
1716 2288 1859 2357 data
1886 2285 2268 2378 promittens
2295 2289 2463 2377 quod
2493 2285 2688 2360 nichil

419 2404 813 2475 reclamabit
876 2405 1176 2474 decetero
1235 2401 1400 2473 feodi
1460 2404 1733 2471 ratione.
1786 2405 1915 2472 Nos
1950 2416 2163 2471 autem
2206 2400 2501 2471 similiter
2556 2405 2688 2473 teo-

424 2520 585 2586 dum
635 2518 804 2608 quod
855 2516 941 2587 ibi
994 2519 1307 2586 babemus
1359 2514 1708 2605 quitamus,
1749 2512 2135 2585 remittimus
2174 2530 2236 2585 et
2267 2516 2688 2586 admortilica-

432 2653 605 2701 mus,
652 2633 718 2699 In
760 2633 943 2722 cujus
981 2632 1074 2701 rei
1118 2629 1492 2700 memoriam
1533 2642 1597 2698 et
1645 2628 2091 2699 testimonium
2134 2641 2469 2720 presentes
2519 2629 2686 2701 litte-

431 2767 540 2816 ras
578 2742 709 2816 fleri
741 2748 820 2815 ad
859 2742 1244 2836 peticionem
1290 2743 1575 2835 parcium
1611 2756 1675 2814 et
1715 2741 1908 2833 sigilli
1940 2744 2143 2814 nostri
2204 2743 2559 2815 munimine
2590 2746 2683 2815 le·

426 2862 648 2931 cimus
704 2862 1018 2929 roborari.
1088 2862 1374 2929 Presatus
1432 2879 1578 2929 vero
1642 2860 1994 2941 lohannes,
2065 2858 2128 2926 in
2184 2856 2439 2949 signum
2476 2861 2683 2948 quita-

424 2971 625 3045 tionis
664 2989 728 3045 et
766 2972 1370 3044 admortifieacionis
1409 2972 1577 3043 leodi
1614 2973 1692 3042 ab
1733 2971 1875 3063 ipso
1906 2974 2092 3059 facte,
2132 2973 2542 3063 presentibus
2574 2972 2679 3045 lit-

423 3083 585 3158 teris
629 3083 909 3178 sigillum
985 3110 1174 3157 suum
1240 3085 1390 3157 fecit
1461 3083 1720 3177 apponi.
1800 3086 1930 3176 Ego
1995 3084 2315 3176 siquidem
2352 3084 2679 3178 predictus

418 3205 752 3274 lohannes
798 3207 876 3274 de
915 3205 1252 3294 Magduno‚
1299 3203 1506 3287 mileS,
1550 3200 1614 3272 in
1651 3200 1976 3293 presentia
2015 3201 2256 3272 domini
2297 3201 2501 3274 nostri
2556 3206 2680 3273 Au-

423 3317 820 3388 relianensis
876 3316 1190 3409 episcopi,
1244 3319 1498 3387 feodum
1542 3318 1713 3407 quod
1756 3317 1820 3385 in
1883 3317 2170 3406 predicta
2243 3331 2408 3387 terra
2473 3320 2680 3388 habeo

421 3431 658 3521 quitto,
704 3429 959 3502 remitto
1013 3443 1076 3502 et
1117 3433 1548 3513 admortilico,
1595 3433 1821 3501 volens
1861 3443 1926 3500 et
1987 3431 2356 3500 concedens
2412 3444 2478 3500 ut
2534 3453 2677 3522 pre-

424 3543 585 3615 dicti
643 3546 926 3617 decanus
986 3558 1049 3616 et
1089 3543 1438 3636 capitulum
1479 3566 1621 3615 eam
1665 3556 1954 3626 teneant,
2012 3542 2381 3634 possideant
2438 3560 2501 3615 et
2564 3547 2674 3615 ha-

426 3663 623 3730 beant
651 3656 912 3729 liberam
955 3671 1018 3730 et
1060 3662 1417 3729 immunem
1467 3683 1484 3739 3
1526 3672 1589 3729 et
1628 3658 1695 3727 in
1735 3659 1929 3748 hujus
1971 3656 2062 3727 rei
2119 3656 2493 3727 memoriam
2536 3681 2679 3750 pre-

426 3770 724 3845 sentibus
779 3774 1008 3845 litteris
1073 3773 1351 3865 sigillum
1417 3796 1629 3844 meum
1694 3772 1813 3844 feci
1877 3770 2175 3864 appendi.
2230 3775 2461 3843 Datum
2509 3795 2679 3843 anno

425 3888 689 3958 Domini
717 3885 1056 3960 millesimo
1083 3887 1525 3960 ducentesimo
1554 3886 2085 3978 quinquagesimo
2111 3889 2425 3971 secundo,
2456 3907 2677 3958 mense

422 3999 610 4091 julio.
