3485 5571
1383 654 1740 720 —331—

1366 1058 1758 1124 ccxxxvm

1333 1341 1597 1402 Janvier
1627 1338 1784 1402 1236

421 1598 605 1654 Vente
647 1613 721 1653 au
748 1597 1143 1654 sous-chantre
1172 1613 1273 1670 par
1300 1596 1559 1669 philippe
1597 1595 1667 1651 de
1694 1616 1725 1651 ‹
1759 1588 2073 1654 Reondello
2106 1614 2131 1651 ι
2168 1598 2276 1669 (du
2302 1599 2579 1656 Rondeau
2605 1601 2679 1669 '!),

499 1709 648 1765 pour
685 1692 759 1749 60
808 1706 942 1748 sous
978 1692 1198 1764 parisiS,
1243 1691 1412 1747 d’nne
1449 1693 1610 1764 place
1656 1691 1731 1747 du
1777 1692 1991 1764 Champ
2026 1693 2254 1764 Hegron
2312 1696 2578 1765 contigue
2608 1712 2681 1750 au

494 1806 699 1860 verger
736 1790 813 1844 du
843 1790 1275 1844 sous-chantre.

858 1934 1036 2006 (Orig.
1069 1951 1169 1990 sur
1205 1935 1399 2007 parch.
1441 1935 1611 1991 Arch.
1640 1933 1716 1988 du
1753 1934 1960 2003 Loiret,
1995 1935 2063 1992 G.
2093 1935 2243 2007 485).

515 2152 828 2225 Officialis
875 2152 1354 2224 Aurelianensis
1413 2152 1713 2224 omnihus
1754 2167 2091 2246 presentes
2125 2154 2370 2229 litteras
2423 2154 2678 2249 inspec-

420 2268 587 2339 turis
653 2270 922 2339 salutem
976 2269 1040 2337 in
1081 2267 1379 2338 Domino.
1444 2267 1745 2340 Noverint
1785 2268 2068 2341 universi
2122 2272 2296 2361 quod
2335 2271 2403 2340 in
2457 2285 2678 2342 nostra

420 2382 751 2475 presentia
789 2380 1121 2453 constituti
1162 2381 1500 2474 Philippus
1531 2385 1610 2453 de
1650 2385 2026 2469 Reondello‚
2062 2383 2273 2467 miles,
2316 2399 2381 2455 et
2416 2385 2677 2456 domina

417 2495 634 2582 Maria,
680 2518 834 2567 uxor
870 2497 1161 2587 ejusdem
1204 2495 1503 2587 Philippi,
1545 2499 1888 2587 quamdam
1932 2500 2202 2589 plateam
2242 2522 2432 2589 quam
2477 2503 2679 2571 hahe-

417 2614 580 2681 hant
618 2608 684 2679 in
727 2611 965 2699 Campo
1004 2610 1401 2699 Aguenonis‚
1435 2609 1682 2701 virguto
1713 2610 2096 2682 venerahilis
2128 2611 2240 2705 viri
2279 2617 2357 2683 M.
2401 2636 2675 2684 succen-

420 2723 582 2797 toris
644 2721 1123 2794 Aurelianensis
1180 2723 1571 2816 contiguam,
1631 2727 1699 2796 in
1750 2724 2009 2797 censiva
2054 2728 2304 2798 domini
2363 2727 2675 2800 Iohannis

418 2842 500 2910 de
536 2840 853 2930 Magduno
891 2836 1105 2920 sitam,
1141 2851 1210 2908 ut
1249 2837 1506 2922 dicitur,
1547 2838 1759 2910 eidem
1799 2841 2164 2911 succentori
2200 2865 2313 2933 pro
2340 2842 2665 2934 sexaginta

418 2950 651 3022 solidis
708 2949 1177 3041 parisiensibus
1226 2953 1655 3023 vendiderunt
1697 2966 1764 3023 et
1803 2953 2060 3045 penitus
2114 2955 2546 3045 quitaverunt,
2590 2959 2670 3027 de

417 3064 657 3157 quihus
696 3069 792 3136 LX
831 3063 1057 3136 solidis
1096 3087 1168 3135 se
1197 3077 1540 3136 tenuerunt
1577 3066 1731 3138 dicti
1776 3066 2108 3159 Philippus
2134 3083 2198 3138 et
2239 3068 2421 3140 Maria
2454 3092 2670 3141 coram

419 3176 614 3249 nohis
654 3178 901 3267 integre
944 3200 1057 3269 pro
1107 3176 1378 3268 pagatis‚
1425 3181 1552 3249 fide
1592 3179 1854 3269 prestita
1898 3181 2345 3272 promittentes
2400 3185 2572 3272 quod
2612 3182 2671 3253 ei

418 3289 596 3361 dicta
644 3294 850 3381 platea
890 3313 1006 3382 per
1034 3305 1106 3362 se
1138 3294 1232 3361 vel
1268 3314 1379 3382 per
1414 3291 1576 3363 alios
1606 3292 1807 3364 nichil
1847 3295 1927 3364 de
1964 3307 2182 3365 cetero
2226 3298 2671 3366 reclamabunt

414 3408 515 3476 vel
563 3403 805 3476 facient
843 3404 1198 3487 reclamari,
1243 3404 1440 3476 immo
1479 3405 1711 3477 dictam
1748 3407 2180 3479 venditionem
2233 3411 2479 3499 prefato
2520 3432 2669 3480 suc·

417 3520 670 3591 centori
720 3521 815 3589 vel
856 3517 952 3589 eis
989 3520 1100 3608 qui
1141 3522 1221 3588 ah
1260 3542 1338 3590 eo
1376 3535 1687 3610 quantum
1726 3524 1805 3591 ad
1854 3525 1977 3592 hoc
2012 3543 2273 3593 causam
2327 3526 2670 3595 habuerint

415 3624 827 3724 guarentient
873 3644 1099 3704 contra
1144 3655 1394 3703 omnes,
1452 3638 1721 3726 Insuper
1781 3636 1949 3707 dicta
2002 3635 2262 3707 domina
2305 3637 2490 3708 Maria
2556 3661 2669 3728 per

419 3750 615 3818 fidem
656 3770 837 3817 suam
872 3746 1275 3817 renunciavit
1302 3748 1474 3818 omni
1502 3749 1629 3839 J'uri
1657 3753 1830 3840 quod
1863 3750 1928 3820 in
1968 3750 2136 3821 dicta
2178 3754 2383 3842 platea
2422 3751 2667 3823 ratione

418 3860 700 3932 dotalicii
729 3863 825 3932 vel
857 3883 1242 3952 quacunque
1262 3862 1383 3933 alia
1413 3862 1660 3935 ratione
1703 3867 1934 3935 habere
1971 3878 2217 3956 poterat
2244 3869 2339 3937 vel
2368 3869 2662 3937 debehat.

417 3977 487 4043 In
536 3977 722 4065 cujus
762 3973 850 4045 rei
908 3974 1280 4046 memoriam
1321 3991 1384 4047 et
1430 3975 1870 4049 testimonium
1924 3993 2258 4069 presentes
2307 3980 2548 4051 litteras
2589 3982 2668 4051 de

417 4091 744 4159 voluntate
792 4087 1077 4179 parcium
1117 4087 1388 4159 lecimus
1422 4090 1557 4160 fieri
1607 4105 1671 4163 et
1696 4090 1886 4181 sigilli
1934 4092 2133 4163 nostri
2171 4094 2527 4164 munimine
2567 4116 2669 4165 ro·-

420 4202 655 4273 horari.
698 4207 923 4274 Actum
963 4225 1132 4273 anno
1180 4203 1436 4278 Domini
1463 4207 1776 4278 MCCXXX
1803 4204 2053 4298 quinto,
2086 4230 2312 4278 mense
2344 4207 2664 4300 januario,
