3485 5571
1384 553 1702 628 -99-

428 710 800 794 potestatem
852 679 1191 789 contingit,
1244 697 1366 768 sub
1415 708 1771 788 praetaxatae
1822 691 2136 766 libertatis
2200 684 2655 785 astipulatione

427 837 794 908 permanere
831 810 1273 885 concedimus.
1314 813 1390 882 Et
1425 808 1729 902 quoniam
1760 823 2001 882 sanctae
2030 822 2095 881 et
2131 807 2429 900 gloriosae
2461 812 2656 880 Aure·

425 929 689 1000 lianensi
731 926 1025 1000 ecclesiae
1084 924 1450 999 satislacere
1513 927 1836 1026 volumus,
1895 922 2089 996 nichil
2156 920 2223 994 in
2289 920 2657 1015 supradicto

427 1041 762 1135 Trigmno,
808 1039 1005 1113 nichil
1049 1039 1115 1111 in
1151 1040 1511 1132 Clichyaco,
1554 1042 1653 1111 vel
1692 1038 1758 1109 in
1799 1037 1895 1111 eis
1943 1061 2089 1130 quae
2139 1040 2219 1108 ad
2267 1038 2656 1130 Triguanum

428 1156 767 1249 pertinent,
800 1179 919 1229 nos
938 1159 1037 1227 vel
1060 1167 1394 1227 venatores
1419 1151 1647 1236 nostri,
1673 1167 1905 1245 praeter
1917 1156 2162 1246 justum
2185 1146 2656 1245 bremnaginm,

425 1272 613 1343 nobis
652 1270 1030 1343 retinemus.
1072 1274 1289 1362 ltaque
1324 1292 1432 1355 ne,
1472 1292 1668 1341 cursu
1725 1282 2090 1361 temporum
2123 1271 2403 1354 labente,
2469 1283 2660 1341 vento

427 1385 763 1455 oblivionis
795 1387 1103 1469 tradatur,
1164 1404 1384 1456 verum
1437 1383 1584 1455 sinu
1644 1381 1970 1454 memoriae
2036 1396 2407 1474 reponatur,
2452 1382 2662 1474 sigillo

428 1514 649 1571 nostro
690 1498 999 1590 assignari
1034 1496 1480 1591 praecepimus.
1526 1495 1589 1568 Si
1619 1496 1766 1587 quis
1803 1511 2015 1568 antem
2044 1511 2263 1568 contra
2293 1499 2415 1567 hoc
2452 1499 2664 1588 regale

428 1614 757 1686 decretum
795 1627 1085 1684 nostrum
1123 1612 1214 1684 ire
1261 1610 1767 1704 praesumpserit,
1799 1614 1982 1703 quasi
2024 1634 2172 1683 reus
2212 1612 2403 1703 regiae
2432 1625 2667 1682 nostrae

430 1725 783 1820 maJestatis
821 1730 1091 1819 posthac
1128 1739 1487 1818 reputetur,
1530 1740 1593 1797 et
1630 1723 1842 1816 gladio
1880 1724 2305 1797 anathematis
2354 1739 2667 1818 perpetuo

429 1841 712 1914 feriatur.

519 1961 747 2028 Actum
805 1969 906 2026 est
975 1953 1230 2048 publice
1286 1952 1668 2040 Aurelianis,
1716 1968 2026 2045 regnante
2091 1953 2454 2044 Lugdovico
2523 1976 2674 2046 rege

432 2086 661 2162 quarto
689 2093 886 2156 anno,
914 2093 1084 2141 anno
1113 2072 1194 2141 ab
1225 2068 1665 2141 incarnatione
1688 2067 1944 2140 Domini
1985 2072 2246 2139 lllCXllI.

520 2189 681 2257 Data
724 2208 837 2276 per
865 2207 1095 2255 manus
1135 2182 1436 2275 Stephani
1465 2181 1851 2268 cancellarii,
1885 2185 2175 2274 ejusdem
2207 2181 2680 2255 Aurelianensis

436 2298 736 2371 ecclesiae
774 2297 1026 2370 decani.
1062 2302 1127 2369 S.
1172 2296 1470 2370 Ludovici
1508 2297 1702 2390 regis.
1734 2301 1800 2368 S.
1840 2299 2082 2368 Radulfi
2127 2294 2408 2368 comitis.
2445 2302 2511 2368 S.
2558 2301 2682 2367 An-

437 2415 627 2485 selmi
661 2412 953 2506 dapiferi.
1006 2417 1070 2485 S.
1108 2410 1391 2504 Hugonis
1430 2410 1909 2485 constabularii.
1956 2417 2020 2482 S.
2064 2410 2397 2484 Gisleberti
2430 2411 2681 2483 buticu-

438 2527 602 2602 larii.
634 2533 703 2599 S.
749 2528 1057 2600 Guidonis
1095 2526 1450 2600 camerarii.

1550 2932 1593 2994 1.

544 3238 849 3314 OrleanS,
895 3236 1119 3320 [apres
1149 3240 1212 3301 le
1240 3238 1326 3300 1επ
1357 3237 1533 3317 aem]
1572 3237 1731 3302 1145
1762 3254 1853 3301 ou
1882 3228 2105 3318 [avant
2138 3235 2412 3319 Paques]
2445 3237 2605 3305 1146

445 3517 630 3574 Louis
654 3517 761 3573 Vll
790 3517 1082 3586 confirme,
1104 3518 1137 3573 e
1161 3519 1216 3573 la
1235 3517 1513 3575 demando
1535 3519 1602 3576 de
1629 3521 1934 3593 Regnault,
1955 3522 2043 3577 fils
2069 3522 2359 3579 d’Etienne
2375 3523 2444 3579 de
2466 3525 2697 3594 Graeay,

518 3630 627 3670 son
652 3619 879 3669 entente
906 3630 1038 3670 avec
1066 3614 1276 3685 l’eglise
1306 3615 1595 3672 d’Orleans
1624 3634 1696 3672 au
1719 3619 1867 3689 sujet
1897 3618 1966 3674 de
1994 3619 2203 3691 Μαι-ιγ.

1204 3780 1395 3853 (Copie
1422 3781 1491 3837 de
1518 3781 1741 3852 Beluae,
1776 3798 1832 3855 p.
1865 3782 1956 3852 61)

637 3974 802 4047 (Pub.
837 3974 1129 4067 Luchaire.
1156 3975 1347 4031 Etude
1374 3992 1477 4031 sur
1502 3978 1580 4033 lca
1609 3983 1758 4033 actes
1795 3978 1865 4037 de
1899 3978 2075 4034 Lout’s
2124 3980 2244 4050 VII,
2277 3999 2331 4054 p.
2362 3981 2521 4052 372.)

550 4244 619 4311 ln
655 4239 918 4313 nomine
956 4253 1198 4312 sanctae
1237 4255 1302 4312 et
1348 4239 1693 4312 individuae
1723 4241 2072 4316 Trinitatis..
2116 4246 2248 4336 Ego
2275 4244 2701 4337 Lugdovicus,

459 4355 577 4428 Dei
604 4354 803 4447 gratia
844 4377 952 4427 rex
981 4358 1366 4427 Francorum
1405 4369 1470 4427 et
1503 4359 1627 4427 dux
1667 4357 2155 4446 Aquitanorum.
2218 4359 2527 4432 Convenit
2574 4361 2706 4433 stili

463 4468 842 4542 auctoritate
880 4481 1053 4540 certa
1092 4469 1232 4540 lieri
1260 4491 1386 4560 que
1425 4491 1555 4540 non
1602 4469 1859 4562 expedit
1896 4473 1964 4542 in
1992 4487 2320 4565 posterum
2370 4472 2695 4547 oblivisci.

464 4586 552 4657 Ea
592 4584 897 4656 nimirum
938 4582 1456 4656 consideratione
1499 4598 1723 4656 notum
1784 4584 2054 4659 facimus
2102 4588 2443 4677 universis,
2517 4614 2706 4684 quam
