3485 5571
1448 662 1727 726 -3-

1561 965 1611 1031 11

1306 1200 1610 1279 OrleanS,
1643 1201 1798 1265 1127
1848 1199 1869 1238 ¹

457 1404 598 1459 Jean
629 1403 710 1474 11,
737 1405 947 1475 eveque
980 1404 1294 1475 d’Orteans,
1320 1405 1505 1462 donne
1556 1421 1630 1462 an
1658 1406 1910 1478 chapitre
1940 1421 2051 1461 une
2079 1406 2235 1478 place
2264 1405 2442 1462 situee
2471 1405 2613 1461 dans
2641 1422 2704 1461 sa

527 1515 671 1555 cour
702 1515 836 1555 avec
864 1499 1075 1557 licence
1094 1502 1166 1558 de
1199 1519 1396 1574 pei-cer
1425 1519 1536 1559 une
1564 1508 1722 1575 porte
1752 1502 1891 1558 dans
1916 1503 1967 1558 le
1992 1519 2123 1557 mur
2151 1502 2402 1558 orientnl.

1196 1674 1389 1747 (Copie
1418 1674 1487 1730 de
1517 1674 1736 1744 Baluze,
1767 1692 1822 1746 p.
1854 1674 1968 1746 78).

543 1898 616 1964 ln
673 1892 934 1964 nomine
974 1904 1214 1964 sanctae
1263 1907 1325 1964 et
1370 1893 1711 1964 individua}
1766 1892 2114 1966 Trinitatis.
2173 1897 2301 1985 Ego
2344 1896 2696 1975 lohannes,

452 2009 564 2080 Dei
620 2005 825 2099 gratia
898 2007 1371 2079 Aurelianensis
1429 2008 1801 2100 episcopus,
1877 2022 2096 2080 notum
2183 2008 2319 2079 fleri
2402 2012 2702 2079 volumus

449 2123 709 2196 cunctis
749 2121 1045 2194 fidelibus
1075 2139 1201 2195 tam
1253 2123 1481 2195 tuturis
1520 2147 1709 2217 quam
1751 2138 1817 2196 et
1854 2121 2244 2196 instantibus
2295 2127 2465 2217 quod
2506 2146 2705 2194 cano-

451 2236 575 2311 nici
634 2241 887 2311 Sanctae
936 2235 1182 2320 CruciS,
1238 2262 1385 2310 cum
1452 2242 1730 2311 babeant
1786 2237 1849 2308 in
1901 2238 2077 2313 curia
2118 2253 2334 2310 nostra
2381 2240 2699 2331 quandam

449 2374 667 2423 aream
712 2374 860 2422 cnm
918 2354 1216 2425 domibus
1254 2355 1322 2422 in
1380 2355 1523 2423 loco
1561 2352 1670 2443 qui
1709 2356 1899 2444 vulgo
1939 2352 2171 2427 dicitur
2225 2358 2439 2424 Tannz
2499 2350 2708 2424 orien-

448 2468 559 2536 tali
597 2489 786 2536 muro
824 2464 1098 2538 civitatis
1151 2466 1653 2550 adhaerentibus,
1696 2479 1761 2538 et
1798 2470 1877 2537 ad
1903 2470 2010 2559 jus
2048 2470 2400 2538 eorundem
2442 2466 2707 2538 canoni-

448 2603 679 2653 corum
742 2579 1210 2671 pertinentibus
1255 2577 1683 2652 communiter
1721 2580 2018 2653 adierunt
2074 2581 2487 2673 praesentiam
2557 2603 2708 2651 nos·

446 2708 643 2779 tram,
689 2693 1010 2767 humiliter
1075 2697 1497 2787 deprecantes
1549 2710 1617 2766 ut
1671 2698 1991 2788 quandam
2065 2695 2439 2788 particulam
2502 2693 2707 2765 curiae

446 2793 691 2882 nostrae
732 2811 808 2879 ad
842 2807 1284 2901 episcopatum
1327 2814 1779 2903 pertinentem,
1805 2834 1947 2903 quae
1981 2812 2103 2881 sita
2134 2823 2235 2880 est
2275 2808 2440 2879 intra
2479 2833 2707 2900 supra-

447 2922 661 2994 dictas
722 2924 948 2994 domos
985 2937 1051 2998 et
1112 2923 1678 3016 septentrionalem
1722 2948 1975 2996 murum
2015 2922 2288 2995 civitatis
2327 2921 2390 2993 in
2443 2926 2706 3014 angulo,

449 3039 703 3110 babens
729 3035 790 3106 in
823 3036 1225 3129 longitudine
1257 3041 1456 3131 pedes
1496 3043 1825 3111 manuales
1853 3038 2177 3130 sexaginta
2209 3052 2272 3109 et
2304 3037 2705 3128 quindecim,

447 3165 513 3224 et
553 3153 623 3221 in
656 3151 988 3224 latitudine
1027 3152 1319 3236 totidem,
1377 3153 1472 3226 eis
1511 3153 1575 3223 in
1632 3167 2010 3246 perpetuum
2062 3156 2592 3225 concederemus,
2634 3155 2710 3222 Et

448 3288 599 3337 cum
645 3265 801 3357 ipsae
857 3268 1089 3338 domus
1144 3266 1467 3359 praedictae
1523 3292 1636 3359 per
1663 3268 1903 3339 curiam
1948 3282 2232 3339 nostram
2277 3265 2707 3339 consuetudi-

449 3378 705 3452 narium
739 3378 1071 3451 introitum
1114 3390 1210 3452 vel
1266 3380 1502 3452 exitum
1559 3385 1863 3465 habeant,
1916 3380 2236 3472 deprecati
2303 3395 2453 3451 sunt
2514 3379 2707 3451 etiam

449 3515 573 3564 nos
637 3505 703 3563 ut
758 3492 1079 3565 licentiam
1133 3494 1403 3566 faciendi
1466 3497 1531 3564 in
1574 3518 1756 3566 muro
1799 3497 2190 3586 posterulam
2247 3498 2588 3566 ducentem
2628 3496 2707 3564 ad

451 3606 801 3691 orientem,
863 3610 940 3679 ad
999 3607 1455 3699 egrediendum
1509 3613 1603 3680 vel
1645 3609 2161 3700 ingrediendum,
2205 3607 2468 3700 insuper
2516 3622 2582 3679 et
2629 3611 2707 3679 de

451 3719 597 3812 ipso
630 3744 838 3805 muro,
870 3705 1012 3793 sive
1044 3723 1111 3792 in
1143 3722 1413 3814 figendis
1454 3722 1771 3807 trabibus,
1806 3722 1938 3795 sive
1993 3723 2058 3793 in
2113 3721 2707 3814 superaedisscandis

449 3834 826 3925 parietibuS,
870 3834 1003 3907 sive
1044 3836 1107 3906 in
1147 3836 1288 3908 aliis
1330 3837 1722 3929 hujusmodi,
1768 3860 2172 3930 quaecunque
2212 3841 2291 3908 ad
2339 3837 2707 3910 aedificatio-

452 3973 606 4023 nem
644 3949 924 4046 ipsarum
967 3954 1303 4024 domorum
1359 3954 1723 4025 necessaria
1764 3967 2009 4037 essent,
2051 3967 2358 4044 quantum
2418 3957 2496 4023 ad
2536 3955 2706 4043 epis-

454 4080 755 4156 copatum
799 4064 1181 4157 pertinebat,
1219 4065 1315 4137 eis
1357 4070 1889 4139 concederemus.
1938 4071 2122 4154 Quod
2163 4067 2250 4139 ita
2284 4083 2348 4138 et
2385 4066 2707 4150 fecimus;

455 4194 518 4249 et
582 4202 663 4250 ne
720 4193 940 4272 posset
982 4181 1289 4251 oblivioni
1321 4180 1512 4264 tradi,
1572 4181 1816 4276 scripto
1859 4185 2484 4266 commendavimuS‚
2529 4195 2594 4252 et
2633 4204 2714 4254 ne

532 4495 549 4526 ¹
593 4494 639 4548 11
668 4511 701 4565 y
730 4510 763 4549 a
792 4510 995 4549 encore
1032 4511 1231 4550 erreur
1259 4513 1359 4550 sur
1382 4497 1435 4550 la
1461 4496 1585 4551 date
1629 4497 1704 4552 du
1736 4498 1929 4568 regne.
1963 4497 2043 4552 La
2065 4497 2162 4551 18⁴2
2193 4497 2372 4551 annee
2423 4495 2500 4550 du
2541 4497 2713 4568 regne

465 4579 537 4636 de
574 4581 743 4638 Louis
770 4584 844 4639 vl
870 4599 1198 4651 commenca
1228 4585 1280 4639 le
1308 4585 1342 4640 3
1370 4588 1501 4640 aodt
1531 4586 1689 4641 1125.
1714 4587 1793 4641 La
1819 4588 2005 4642 meme
2042 4603 2242 4642 erreur
2278 4590 2363 4641 est
2391 4585 2716 4656 reprodnito

467 4669 609 4727 dans
636 4671 689 4726 la
717 4672 907 4730 charte
934 4674 1123 4745 royale
1148 4676 1624 4747 correspondante
1654 4676 1765 4748 (ch.
1797 4676 1987 4745 XLII).
