3485 5571
1370 667 1730 732 ..239-

427 794 517 867 sis
553 818 715 887 quas
751 794 995 867 faciunt
1047 817 1161 886 pro
1210 794 1612 867 deffensione
1676 797 1995 865 honorum
2053 817 2321 867 suorum
2379 808 2444 868 et
2509 809 2676 868 terre

421 913 718 1002 ejusdem
739 907 1035 997 ecclesie,
1062 920 1128 981 et
1156 912 1413 1000 quando
1457 910 1703 980 faciunt
1734 908 2157 1000 emptionem,
2188 924 2251 981 et
2276 932 2390 1002 pro
2414 909 2678 981 domino

423 1047 612 1116 papa.
660 1023 839 1113 Quia,
877 1046 1027 1095 vero
1065 1044 1179 1116 per
1206 1026 1567 1115 juramenta
1619 1023 2051 1115 legitimorum
2098 1022 2433 1095 hominum
2484 1046 2680 1116 super

420 1142 549 1210 hoc
590 1138 843 1231 plenius
885 1140 1223 1210 veritatem
1282 1136 1729 1227 cognovimus,
1795 1139 2095 1208 volumus
2140 1150 2206 1209 et
2257 1137 2680 1210 concedimus

422 1267 494 1323 ut
560 1251 852 1345 predicto
927 1253 1209 1345 capitulo
1267 1250 1565 1324 homines
1626 1254 1706 1323 de
1772 1265 1941 1323 terra
2010 1275 2126 1323 sua
2173 1255 2416 1344 prelata
2491 1252 2680 1323 liceat

420 1366 817 1459 supradictis
858 1369 940 1439 de
964 1368 1181 1438 causis
1221 1365 1361 1437 sine
1397 1363 1910 1437 contradictione
1946 1365 2157 1457 aliqua
2185 1364 2458 1437 talliare.
2497 1368 2571 1437 Et
2610 1379 2681 1436 ut

420 1494 733 1573 perpetue
754 1480 1120 1553 stabilitatis
1146 1482 1341 1551 robur
1364 1479 1676 1563 obtineat,
1712 1478 1906 1570 sigilli
1936 1478 2139 1551 nostri
2162 1479 2587 1551 aucthoritate
2613 1490 2680 1550 et

418 1594 578 1686 regii
620 1593 902 1666 nominis
942 1609 1265 1667 caractere
1306 1592 1574 1665 interius
1611 1607 1920 1665 annotato
1963 1608 2328 1686 presentem
2374 1593 2675 1686 paginam

417 1711 596 1781 salvo
674 1708 946 1781 servicio
1012 1721 1236 1780 nostro
1300 1712 1784 1780 confirmamus
1849 1712 2076 1779 Actum
2159 1707 2462 1792 Parisius,
2510 1731 2680 1780 anno

417 1821 884 1894 incarnationis
922 1821 1243 1894 dominice
1278 1825 1478 1904 1210,
1513 1824 1694 1914 regni
1741 1822 1946 1894 nostri
1973 1826 2112 1892 52⁰.
2170 1821 2540 1894 Astantibus
2613 1821 2678 1894 in

419 1937 658 2029 palatio
699 1951 921 2010 nostro
951 1960 1227 2029 quorum
1268 1935 1531 2009 nomina
1574 1952 1911 2029 supposita
1953 1951 2111 2008 sunt
2142 1950 2209 2010 et
2246 1935 2453 2029 signa.
2488 1936 2679 2029 Dapi-

417 2054 554 2122 lero
595 2053 799 2122 nullo.
844 2055 910 2123 S.
956 2050 1265 2122 Guidonis
1305 2049 1698 2124 buticularii.
1733 2055 1799 2121 S.
1837 2049 2272 2123 Bartholomei
2316 2049 2678 2122 camerarii.

419 2168 486 2235 S.
527 2164 852 2236 Droconis
876 2163 1365 2237 constabularii.
1419 2170 1578 2237 Data
1617 2178 1882 2238 vacante
1913 2163 2318 2237 cancellaria.

1475 2540 1624 2604 CLV

1348 2844 1538 2922 [Vers
1578 2844 1758 2925 1210]

416 3092 498 3148 Le
523 3094 714 3166 doyen
743 3097 798 3149 et
821 3093 874 3148 le
929 3093 1179 3164 chapitre
1222 3094 1403 3151 levent
1445 3095 1718 3151 l’interdit
1746 3112 1848 3168 par
1874 3111 1982 3152 eux
2002 3096 2117 3167 jete
2147 3113 2247 3153 sur
2270 3098 2323 3154 la
2359 3098 2489 3154 ville
2513 3099 2679 3156 d’Or-

486 3190 673 3261 leans,
700 3190 733 3244 a
762 3203 930 3245 cause
958 3188 1028 3244 de
1056 3189 1110 3245 la
1138 3195 1369 3261 capture
1399 3190 1534 3246 d'un
1563 3191 1634 3247 de
1662 3192 1817 3247 leurs
1845 3192 2006 3248 botes
2056 3209 2157 3264 par
2203 3193 2286 3249 les
2329 3196 2558 3266 prevdts
2604 3197 2681 3252 du

486 3286 598 3355 roi,
624 3290 966 3358 moyennant
994 3301 1105 3341 une
1130 3286 1370 3342 amende
1394 3287 1467 3343 de
1495 3287 1568 3347 20
1597 3288 1781 3344 livres.

409 3431 570 3505 (Bib.
604 3433 734 3490 Nat.
767 3432 911 3491 Coll.
938 3434 1165 3489 Moreau
1192 3392 1453 3490 435114.
1468 3374 1666 3490 ⁸{tussire
1690 3434 1768 3490 du
1799 3435 2013 3492 Cartul.
2043 3434 2113 3490 de
2156 3432 2301 3505 l'egl.
2352 3435 2421 3491 de
2473 3435 2684 3492 Sainte-

1077 3530 1241 3600 Croix
1270 3529 1586 3600 &Or-leam,
1616 3531 1716 3587 fol.
1742 3532 1815 3587 50
1843 3542 1902 3585 v⁰
1925 3531 2009 3603 ι.)

512 3778 653 3866 Ego
692 3776 887 3846 Fulco
913 3777 1196 3847 decanus
1234 3789 1300 3846 et
1358 3775 1732 3847 universum
1794 3775 2250 3847 Aurelianense
2302 3776 2678 3866 capitulum,

416 3889 731 3963 omnibus
766 3903 1101 3981 presentes
1152 3892 1397 3961 litteras
1461 3889 1849 3981 inspecturis
1900 3903 2120 3960 notum
2185 3891 2456 3961 facimus
2512 3889 2682 3980 quod

419 4029 539 4097 pro
570 4006 849 4095 quodam
881 4002 1138 4094 hospite
1178 4011 1429 4088 nostro,
1474 4007 1753 4075 Auberto
1792 4002 2080 4088 nomine,
2130 4027 2165 4075 a
2202 4002 2545 4095 prepositis
2571 4004 2683 4074 do-

418 4118 579 4189 mini
612 4119 786 4208 regis
825 4130 1011 4209 capto
1038 4132 1102 4189 et
1133 4121 1211 4188 ab
1251 4116 1412 4210 ipsis
1443 4120 1642 4190 semel
1681 4118 1869 4191 nobis
1906 4119 2182 4203 reddito,
2223 4118 2333 4211 qui
2375 4141 2499 4190 nec
2523 4140 2682 4206 ‘con-

419 4236 642 4304 fessus
682 4232 844 4323 nec[
1396 4232 1450 4324 ],
1487 4254 1609 4303 nec
1646 4231 1712 4301 in
1753 4232 2038 4323 presenti
2078 4246 2304 4323 captus
2344 4232 2466 4302 fuit
2504 4229 2685 4302 soris-

420 4348 619 4429 sacto,
653 4344 717 4414 in
770 4344 1213 4417 Aurelianensi
1266 4344 1525 4418 civitate
1587 4345 1855 4417 tulimus
1903 4345 2316 4417 interdictum
2371 4369 2449 4417 eo
2509 4347 2679 4438 quod

420 4461 641 4552 ipsum
672 4459 861 4530 nobis
900 4463 1187 4532 secundo
1222 4462 1492 4532 reddere
1551 4463 1648 4532 vel
1699 4462 2035 4533 recredere
2087 4463 2462 4533 noluerunt.
2524 4461 2681 4529 Cum

421 4588 639 4644 autem
668 4571 1081 4644 interdictum
1118 4577 1293 4665 largo
1321 4588 1608 4666 tempore
1633 4576 1953 4658 durasset,
1983 4576 2143 4645 alter
2177 4572 2675 4665 prepositorum,

423 4686 688 4759 nomine
718 4687 1088 4769 Rainaldus,
1130 4687 1237 4779 qni
1278 4710 1474 4779 super
1512 4690 1844 4760 reddendo
1880 4691 1982 4759 vel
2011 4688 2405 4760 recredendo
2428 4685 2683 4781 hospite
