3485 5571
1372 685 1734 762 -563..

1395 1088 1532 1152 CCC
1542 1090 1725 1152 LXIX

1367 1390 1538 1451 Mars
1581 1387 1737 1452 1297

416 1643 782 1701 Ratiflcation
827 1659 930 1715 par
972 1636 1222 1715 revequo
1265 1643 1442 1713 Ferry
1485 1642 1555 1699 de
1597 1642 1868 1698 LorraIne
1927 1643 1997 1698 de
2062 1643 2558 1701 l’amortissement
2612 1645 2683 1701 de

495 1740 571 1797 40
598 1757 733 1797 sous
769 1738 840 1795 de
866 1745 1025 1796 rente
1069 1741 1102 1795 a
1142 1740 1199 1794 la
1236 1740 1579 1806 chevecerie,
1629 1739 1844 1794 donnes
1891 1755 1992 1811 par
2040 1741 2332 1811 Raymond
2381 1741 2450 1798 de
2507 1741 2684 1810 Laon,

500 1837 808 1894 cheveoier.
843 1828 1127 1898 (Vidimus
1159 1822 1229 1891 de
1257 1830 1501 1896 remeia]
1524 1823 1837 1905 d’ormans,
1868 1836 1900 1890 7
1922 1834 2109 1907 juillet
2130 1836 2318 1907 1300).

894 1981 1076 2055 (Orig.
1106 1997 1153 2039 ι.
1193 1983 1382 2053 par-ch.
1417 1981 1587 2038 Arch.
1621 1982 1699 2038 dn
1736 1981 1943 2039 Loiret.
1972 1984 2039 2039 G.
2071 1980 2226 2053 441.)

523 2198 849 2272 Universis
888 2213 1222 2292 presentes
1249 2198 1491 2271 litteras
1518 2199 1909 2292 inspecturis
1934 2199 2223 2273 officialis
2253 2199 2430 2272 curie
2482 2206 2683 2272 Aure·

422 2315 745 2386 lianensis
785 2317 1058 2385 salutem
1094 2318 1162 2383 in
1204 2313 1505 2385 Domino.
1560 2313 1878 2385 Noveritis
1927 2337 2046 2385 nos
2084 2337 2256 2385 anno
2294 2314 2551 2385 Domini
2603 2318 2691 2384 M⁰

427 2420 919 2503 trecentesimo,
978 2420 1083 2493 die
1143 2420 1310 2512 jovis
1367 2435 1512 2512 post
1553 2420 1819 2493 estivale
1882 2424 2118 2492 festum
2185 2420 2352 2492 beati
2414 2420 2686 2505 Martini,

424 2538 684 2608 litteras
733 2534 1171 2627 infrascriptas
1213 2534 1470 2620 vidisse,
1504 2537 1739 2625 legisse
1790 2548 1854 2606 et
1926 2537 2004 2606 de
2045 2539 2240 2606 verbo
2290 2537 2369 2605 ad
2428 2538 2692 2606 verbum

427 2648 821 2741 inspexisse,
863 2671 991 2720 non
1030 2651 1442 2733 cancellataS,
1476 2671 1601 2719 non
1658 2651 1959 2731 abolitaS,
1994 2671 2114 2720 nec
2153 2650 2217 2718 in
2256 2650 2470 2740 aliqua
2515 2664 2693 2740 parte

426 2762 536 2837 sui
566 2762 859 2850 viciatas,
902 2766 1169 2835 formam
1208 2787 1333 2853 que
1371 2766 1667 2853 sequitur
1706 2762 2161 2835 continentes:

524 2877 848 2961 Ferricus,
890 2876 1006 2949 Dei
1034 2875 1443 2949 miseratione
1470 2877 1948 2948 Aurelianensis
1987 2878 2360 2968 episcopuS,
2390 2876 2694 2948 omnibus

432 2992 848 3084 presentibus
892 3006 957 3063 et
1008 2990 1241 3062 futuris
1296 2995 1567 3063 salutem
1627 2990 1690 3060 in
1745 2990 2047 3062 Domino.
2093 2994 2183 3062 Ad
2246 2992 2693 3062 universorum

431 3104 741 3177 noticiam
811 3108 1104 3176 volumus
1179 3104 1509 3197 pervenire
1581 3127 1727 3188 nos,
1789 3128 1958 3175 anno
2018 3105 2280 3176 Domini
2346 3104 2692 3176 millesimo

434 3217 887 3291 ducentesimo
925 3218 1343 3310 nonagesimo
1382 3232 1589 3301 sexto,
1628 3241 1852 3290 mense
1900 3219 2139 3298 martii,
2185 3219 2426 3289 litteras
2468 3217 2698 3290 infras-

431 3332 675 3423 criptas
715 3331 952 3404 vidisse
980 3347 1045 3404 et
1076 3331 1416 3424 diligenter
1455 3331 1814 3424 inspexisse
1852 3347 1916 3403 et
1969 3335 2050 3403 de
2091 3335 2282 3402 verbo
2314 3334 2393 3401 ad
2427 3335 2692 3402 verbum

433 3446 677 3538 legisse
705 3460 769 3517 et
794 3445 1268 3530 considerasse,
1298 3470 1425 3518 non
1467 3449 1855 3519 cancellatas
1882 3468 2002 3517 nec
2042 3445 2105 3516 in
2131 3444 2343 3536 aliqua
2382 3461 2561 3539 parte
2593 3446 2695 3515 sui

435 3560 726 3643 vicians,
778 3563 1047 3632 formam
1089 3584 1217 3652 que
1242 3559 1532 3652 sequitur
1560 3563 1970 3631 continentes
2019 3585 2034 3630 ε

531 3673 855 3746 Universis
893 3689 1230 3766 presentes
1268 3674 1511 3745 litteras
1544 3673 1935 3766 inspecturis
1965 3673 2258 3746 officialis
2284 3676 2462 3746 curie
2488 3680 2690 3746 Aure-

436 3787 774 3875 lianensis,
797 3799 970 3860 etc...
1003 3792 1149 3876 (Ch.
1188 3791 1630 3876 CCCXXXIV.)

531 3906 605 3973 Et
644 3924 765 3973 nos
805 3901 1095 3974 Ferricus
1136 3903 1464 3993 predictus
1505 3902 1719 3973 omnia
1774 3900 2168 3994 supradicta,
2198 3901 2262 3972 in
2304 3902 2695 3994 supradictis

438 4015 675 4087 litteris
716 4028 1043 4100 contenta,
1085 4037 1161 4087 ex
1194 4029 1368 4086 certa
1395 4013 1675 4086 sciencia
1720 4016 2080 4098 laudamus,
2129 4018 2563 4107 approbamus
2619 4041 2698 4089 ac

441 4129 645 4203 eciam
677 4132 1132 4202 confirmamus
1171 4142 1326 4201 etex
1364 4131 1987 4220 superhabundanti,
2020 4130 2075 4200 si
2102 4128 2340 4220 aliquid
2365 4132 2576 4214 deest,
2616 4133 2697 4202 ad

441 4247 831 4337 suplendum
870 4258 1179 4336 quantum
1224 4266 1572 4336 possumus
1617 4246 1995 4336 supplemus
2041 4256 2105 4314 et
2143 4246 2598 4315 amortizamus
2637 4260 2702 4316 et

441 4356 805 4450 supradicta
857 4356 1224 4429 amortizata
1277 4360 1571 4429 volumus
1615 4355 1680 4427 in
1729 4372 2112 4449 perpetuum
2167 4356 2584 4449 capiceriatui
2633 4372 2697 4430 et

442 4471 762 4565 capicerio
808 4471 914 4563 qui
963 4484 1253 4563 tempore
1290 4471 1476 4544 suerit
1514 4494 1873 4545 remanere.
1919 4475 1986 4542 ln
2029 4474 2213 4563 cujus
2256 4472 2347 4542 rei
2399 4474 2697 4544 testimo-

443 4587 622 4657 nium
654 4583 934 4679 sigillum
966 4600 1256 4658 nostrum
1283 4587 1691 4679 presentibus
1720 4585 2017 4664 duximus
2041 4587 2497 4682 apponendum
2525 4608 2696 4668 anno

444 4715 508 4778 et
544 4722 775 4783 mense
814 4697 1020 4806 primo
1054 4699 1268 4782 dictis,
