3485 5571
1383 717 1462 731 -
1502 676 1615 747 307
1663 720 1740 731 --

421 809 741 883 omnibus
796 814 965 901 quod
1007 834 1127 901 ego
1179 825 1244 881 et
1283 813 1657 901 Radulphus
1692 813 1996 893 Corraux,
2041 833 2116 880 ac
2161 814 2689 883 Archembaudus

426 929 843 1008 Berruarius,
915 923 1177 1007 milite8‚
1257 924 1748 1016 manucapimus
1841 937 1905 995 et
1967 923 2218 1016 plegios
2276 948 2395 995 nos
2454 926 2691 996 consti·

426 1040 684 1109 tuimus
721 1061 871 1128 erga
896 1037 1247 1129 capitulum
1283 1036 1741 1109 Aurelianense
1813 1060 1926 1129 pro
1981 1041 2194 1120 Petro,
2237 1036 2500 1110 domino
2540 1043 2692 1111 Gra-

426 1152 631 1237 ciaci,
687 1155 861 1243 quod
926 1152 1096 1223 idem
1158 1150 1599 1236 Petru8‚insra
1630 1174 1923 1222 mensem
1987 1173 2061 1223 ex
2101 1175 2229 1242 quo
2266 1153 2456 1223 suerit
2508 1153 2695 1226 miles

427 1281 501 1340 et
543 1290 578 1337 a
622 1265 903 1358 capitulo
941 1266 1316 1358 requisitus,
1378 1268 1550 1356 quod
1578 1265 1718 1358 ipse
1776 1269 1981 1337 tradet
2023 1264 2354 1359 [capitulo]
2415 1270 2698 1339 Aurelia-

430 1381 631 1453 nensi
699 1380 916 1452 literas
987 1404 1139 1452 suas
1225 1394 1521 1471 patentes
1591 1383 1950 1452 secundum
2028 1383 2295 1452 lormam
2370 1383 2695 1453 literarum

430 1518 735 1566 mearum
785 1518 943 1586 quas
992 1497 1072 1567 ad
1117 1495 1485 1587 petitionem
1545 1492 1750 1586 ipsius
1790 1494 2086 1566 concessi
2126 1495 2409 1586 capitulo
2476 1519 2698 1587 supra-

431 1608 619 1681 dicto
661 1632 856 1700 super
878 1608 1521 1682 convenientionibus
1549 1609 1714 1682 inter
1747 1609 1926 1700 ipsos
1951 1608 2186 1680 habitis
2220 1632 2414 1702 super
2433 1634 2698 1683 nemore

436 1728 681 1794 Sancte
758 1725 980 1795 Crucis
1042 1728 1120 1796 de
1183 1728 1355 1796 Bella
1431 1728 1621 1796 foola.
1695 1722 2012 1795 Constitui
2080 1722 2271 1794 etiam
2329 1725 2698 1815 supradicto

435 1838 730 1928 capitulo
770 1861 873 1909 me
913 1841 1196 1929 plegium
1239 1838 1302 1909 in
1346 1852 1604 1909 centum
1664 1835 1844 1908 libris
1905 1836 2392 1929 parisiensibuS,
2438 1850 2501 1909 et
2555 1861 2702 1929 pre·

435 1952 598 2023 dicti
670 1950 910 2022 milites
953 1952 1018 2022 in
1073 1966 1360 2039 centum,
1414 1950 1501 2022 ita
1540 1954 1738 2043 quod,
1773 1975 1848 2024 ex
1895 1974 2024 2043 quo
2078 1952 2426 2044 capitulum
2479 1954 2700 2024 literas

435 2058 716 2149 predicti
756 2058 920 2130 Petri
953 2060 1266 2146 habuerit,
1298 2060 1512 2133 statim
1545 2060 1786 2132 erimus
1825 2060 2073 2132 liberati
2115 2076 2177 2132 et
2206 2064 2321 2133 has
2365 2075 2699 2154 presentes

440 2172 638 2243 nobis
705 2175 972 2246 reddere
1011 2177 1423 2246 tenebuntur.
1466 2180 1691 2246 Actum
1732 2198 1902 2245 anno
1942 2175 2201 2246 Domini
2233 2177 2432 2260 1227,
2476 2198 2700 2247 mense

431 2310 647 2378 Jumo.

1470 2649 1696 2711 CCXVI

1340 2945 1604 3006 Janvier
1646 2944 1806 3006 1228

447 3192 525 3247 Le
558 3189 741 3260 doyen
771 3189 970 3247 Lebert
1012 3189 1233 3246 declare
1262 3207 1373 3262 que
1398 3192 1532 3247 c'est
1562 3207 1694 3247 avec
1732 3190 2136 3247 l'autorisation
2180 3191 2256 3248 du
2295 3191 2544 3262 chapitre
2591 3207 2703 3262 que

518 3285 906 3341 l'Hotel—Dieu
955 3285 1024 3341 de
1072 3286 1456 3342 sainte-Croix
1507 3302 1538 3341 a
1580 3286 1764 3342 vendu
1808 3288 1841 3342 ἑ
1889 3285 2136 3358 1'abbaye
2183 3286 2252 3342 de
2281 3287 2701 3343 Saint-Mesmin

521 3397 671 3453 pour
705 3382 740 3436 ⁴
761 3382 927 3438 livres
956 3383 1157 3453 parisis
1182 3398 1272 3438 ses
1304 3384 1661 3455 possessions
1680 3382 1751 3438 de
1779 3383 2005 3439 l'ecluse
2037 3383 2136 3438 des
2164 3383 2591 3455 Cinq-Moulins.

1000 3528 1179 3599 (Orig.
1221 3545 1266 3582 S.
1300 3528 1493 3600 perch.
1527 3528 1700 3584 Arch.
1736 3527 1812 3583 du
1840 3527 2048 3598 Loiret,
2075 3528 2173 3599 G.)

543 3771 675 3860 Ego
701 3769 1038 3850 Lebertus,
1075 3770 1359 3839 decanus
1403 3766 1904 3853 Aurelianensis,
1944 3783 2164 3839 notum
2207 3768 2370 3841 facio
2405 3769 2707 3840 omnibus

459 3897 793 3974 presentes
834 3881 1077 3954 litteras
1114 3881 1534 3974 inspecturis,
1585 3886 1755 3974 quod
1797 3881 2104 3972 magister
2151 3897 2214 3954 et
2263 3886 2487 3954 fratres
2526 3884 2709 3954 hele-

466 3995 811 4068 mosinarie
863 4000 1093 4068 domus
1143 4001 1374 4068 Sancte
1434 3995 1657 4067 Crucis
1709 3995 2187 4068 Aurelianensis
2253 3996 2703 4078 vendiderunt,

458 4111 838 4184 auctoritate
877 4125 1093 4182 nostra
1136 4110 1537 4202 interposita,
1590 4110 1741 4181 viris
1794 4110 2272 4182 venerabilibus
2311 4126 2374 4182 et
2415 4111 2711 4182 discretis

458 4225 673 4297 abbati
731 4241 796 4296 et
834 4223 1177 4297 conventui
1233 4224 1444 4296 Sancti
1490 4224 1803 4296 Maximini
1860 4238 2055 4296 totam
2122 4239 2451 4298 teneuram
2519 4248 2712 4315 quam

459 4341 789 4411 habebant
854 4338 920 4409 in
976 4338 1183 4432 capite
1238 4341 1495 4410 excluse
1570 4338 1854 4430 quinque
1923 4338 2438 4411 molendinorum
2494 4336 2712 4412 Sancti

463 4455 808 4540 Maximini,
848 4477 960 4546 pro
1002 4467 1274 4546 quatuor
1308 4455 1488 4524 libris
1541 4452 2021 4546 parisiensium,
2065 4455 2146 4524 de
2202 4455 2435 4545 quibus
2494 4468 2718 4525 tenent

466 4593 534 4641 se
575 4592 690 4662 pro
748 4568 1018 4661 pagatis.
1078 4574 1304 4639 Actum
1335 4591 1505 4639 anno
1560 4567 1818 4638 Domini
1877 4567 2218 4639 millesimo
2274 4569 2718 4641 ducentesimo

467 4683 777 4756 vicesimo
804 4682 1107 4776 septimo,
1150 4706 1375 4755 mense
1420 4681 1737 4774 januario.
