3485 5571
1421 622 1777 709 -511-

1422 991 1787 1071 cccnxxn

1311 1264 1386 1328 12
1425 1266 1692 1346 janvier
1726 1264 1885 1328 1299

472 1493 554 1549 Le
584 1493 838 1565 chapitre
867 1509 928 1548 se
954 1492 1162 1549 desiste
1189 1492 1260 1548 de
1290 1510 1393 1550 son
1419 1493 1692 1549 adhesion
1721 1495 1754 1549 a
1776 1494 1979 1565 l’appel
2004 1492 2263 1564 interjete
2304 1508 2408 1564 par
2442 1493 2725 1566 plusieurs

541 1589 919 1647 archidincres
943 1595 1136 1645 contre
1166 1588 1437 1662 l’eveque,
1455 1606 1519 1646 ce
1549 1590 1776 1646 dernier
1797 1590 2206 1663 revoquantles
2232 1590 2488 1646 atteintes
2503 1590 2724 1662 portees

542 1704 648 1761 par
674 1702 772 1745 ses
810 1686 1051 1744 officiers
1074 1688 1106 1742 a
1137 1686 1190 1743 la
1210 1687 1539 1759 juridiction
1567 1688 1643 1744 du
1674 1688 1945 1762 chapitre.

924 1836 1109 1909 (Orig.
1141 1852 1188 1892 s.
1221 1837 1414 1909 parch.
1449 1837 1622 1893 Arch.
1655 1836 1729 1891 du
1755 1836 1967 1907 Loiret‚
1999 1838 2064 1893 G.
2095 1835 2245 1906 483).

562 2056 632 2122 ln
659 2049 923 2125 nomine
959 2051 1242 2137 Domini,
1282 2076 1497 2126 amen.
1542 2061 1723 2125 Anno
1749 2055 2038 2145 ejusdem
2078 2051 2428 2125 millesimo
2478 2056 2722 2125 ducen-

468 2164 704 2238 tesimo
759 2167 1177 2258 nonagesimo
1237 2181 1489 2252 octavo,
1552 2166 1932 2239 duodecima
1986 2166 2089 2240 die
2138 2166 2383 2239 mensis
2415 2167 2717 2258 januarii,

470 2277 828 2352 indictione
857 2280 1266 2366 duodecima,
1300 2281 1712 2374 pontificatus
1741 2280 1986 2353 domini
2009 2280 2500 2373 Bonifaciiflpape
2515 2278 2722 2352 octavi

465 2415 641 2464 anno
680 2395 932 2483 quinto,
966 2417 1080 2487 per
1120 2398 1244 2467 hoc
1287 2417 1554 2486 presens
1602 2395 2101 2466 instrumentum
2144 2397 2470 2486 publicum
2513 2408 2722 2487 pateat

465 2507 793 2580 universis
831 2510 1029 2599 quod,
1070 2508 1476 2600 congregatis
1514 2509 1579 2579 in
1610 2508 1890 2601 capitulo
1916 2510 2192 2580 ecclesie
2239 2508 2721 2581 Aurelianensis

464 2624 624 2692 bora
656 2620 921 2714 capituli
953 2625 1031 2693 ad
1070 2625 1507 2715 pulsacionem
1550 2645 1887 2715 campane,
1929 2635 1995 2694 ut
2034 2626 2237 2695 moris
2288 2636 2413 2709 est,
2460 2645 2721 2694 venera-

463 2736 708 2808 bilibus
747 2734 897 2808 viris
958 2750 1020 2809 et
1081 2730 1378 2810 discretis
1440 2736 1719 2809 dominis
1776 2739 2019 2811 'l'boma
2067 2740 2465 2822 subdecano,
2533 2739 2721 2808 Petro

462 2849 906 2922 Aurelianensi
966 2849 1453 2938 archidiacono,
1517 2855 1772 2925 Andrea
1826 2851 2171 2944 capicerio,
2216 2855 2403 2944 Helya
2477 2854 2719 2923 scolas-

462 2965 622 3049 tico,
657 2966 883 3037 Odone
956 2964 1491 3058 archipresbitero
1529 2980 1593 3039 et
1625 2965 1987 3038 Guimondo
2024 2968 2355 3058 capellano
2387 2964 2451 3035 in
2495 2969 2719 3038 eadem

462 3078 770 3163 ecclesia,
813 3078 1150 3151 Guillelmo
1190 3083 1269 3152 de
1293 3079 1567 3164 Pertico,
1598 3081 1825 3153 Milone
1856 3082 1936 3152 de
1964 3081 2361 3163 Chailliaco¹‚
2389 3079 2612 3170 Egidio
2639 3082 2718 3151 de

461 3197 676 3265 Dumo
711 3192 1033 3278 Gailiardi,
1094 3194 1431 3266 Guillelmo
1490 3198 1570 3266 de
1643 3199 1842 3287 VoyS,
1903 3193 2240 3265 Guillelmo
2294 3196 2374 3265 de
2425 3195 2719 3278 Billiaco,

465 3307 764 3398 Philippo
823 3311 903 3380 de
943 3313 1238 3401 Mornayo
1295 3320 1361 3381 et
1407 3308 1697 3381 Gnidone
1732 3312 1814 3382 de
1876 3308 2245 3400 Chaillenoy
2304 3331 2378 3378 ac
2430 3310 2721 3380 iohanne

464 3421 624 3492 Colli
720 3421 946 3505 Rubei,
1009 3422 1340 3494 canonicis
1425 3422 1704 3494 ecclesie
1806 3421 2116 3514 predicte,
2184 3434 2482 3512 presente
2554 3420 2713 3492 inibi

462 3539 819 3607 reverendo
849 3536 916 3606 in
961 3539 1218 3608 Cbristo
1273 3550 1448 3630 patre
1487 3560 1563 3608 ac
1614 3535 1875 3607 domino
1916 3537 2178 3607 domino
2218 3536 2558 3629 F[errico],
2601 3534 2721 3607 Dei

462 3651 667 3741 gratia
705 3650 1145 3722 Aurelianensi
1176 3650 1509 3743 episcope,
1542 3649 1605 3720 in
1648 3653 1971 3742 presentia
2023 3648 2147 3721 mei
2206 3649 2445 3741 publici
2489 3649 2718 3721 notarii

463 3777 529 3835 et
568 3763 828 3835 testium
874 3765 1411 3857 subscriptorum,
1458 3787 1606 3836 cum
1640 3763 2039 3836 venerabiles
2078 3762 2190 3833 viri
2230 3761 2475 3834 domini
2516 3767 2720 3834 Aure-

464 3877 799 3961 lianensis,
834 3877 1273 3969 Sigalonensis
1305 3893 1371 3950 et
1406 3877 1796 3950 Soliacensis
1835 3876 2267 3948 archidiaconi
2320 3878 2386 3947 in
2445 3875 2720 3948 ecclesia

465 3993 904 4066 Aurelianensi
955 3994 1268 4087 predicta,
1346 4017 1420 4066 ex
1488 3993 1778 4087 pluribus
1835 3991 2050 4065 causis
2100 4007 2165 4065 et
2215 3991 2716 4084 gravaminibuS‚

466 4122 689 4179 contra
715 4110 993 4180 eundem
1035 4109 1458 4181 reverendum
1490 4121 1759 4200 patrem,
1794 4109 1934 4198 ejus
1963 4105 2236 4178 vicarios
2275 4122 2341 4177 et
2379 4105 2717 4177 officialem

466 4247 543 4297 ac
583 4240 1029 4316 procuratores
1052 4238 1120 4298 et
1154 4223 1560 4297 consiliarios
1589 4226 2049 4316 appellassent,
2082 4237 2151 4294 ut
2182 4223 2245 4293 in
2286 4223 2719 4315 appellatione

465 4337 751 4430 ipsorum
805 4338 1400 4411 archidiaconorum
1460 4361 1654 4431 super
1692 4336 1819 4409 hiis
1857 4340 2149 4410 confecta
2197 4335 2452 4429 plenius
2512 4335 2720 4407 conti·

535 4661 555 4696 ¹
595 4653 819 4727 Eveque
847 4653 1139 4716 d’Orleans
1166 4653 1544 4726 (ΨΩ-1323).
