3485 5571
1936 680 2053 743 252
2097 715 2173 725 --

1883 1033 2107 1094 CLXV!

1662 1313 1694 1373 7
1751 1312 2111 1375 novembre
2159 1309 2315 1372 12¹5

890 1538 951 1592 P.
998 1537 1068 1593 de
1115 1556 1140 1592 ι
1186 1540 1373 1594 Rusco
1418 1556 1468 1608 »,
1517 1539 1799 1608 suver-ain,
1854 1554 2136 1610 approuve
2199 1539 2251 1593 le
2297 1538 2410 1595 don
2456 1538 2555 1594 fait
2596 1554 2669 1594 au
2716 1538 2971 1609 chapitre
3021 1554 3116 1609 par

955 1634 1172 1691 Ehrard
1202 1635 1271 1691 de
1299 1635 1687 1691 Chateauneuf
1708 1636 1777 1690 de
1806 1635 1876 1691 16
1903 1650 2058 1703 sous,
2090 1635 2227 1691 dont
2271 1635 2307 1689 9
2346 1637 2379 1690 a
2423 1635 2648 1690 revenir
2683 1636 2849 1706 apres
2872 1636 2929 1689 le
2955 1633 3118 1689 deces

944 1732 1015 1787 de
1045 1748 1107 1788 sa
1129 1747 1303 1788 veuve
1321 1734 1489 1800 Rose‚
1519 1733 1616 1804 qui
1636 1734 1717 1787 les
1745 1750 1777 1788 a
1806 1749 1879 1788 en
1903 1732 2152 1788 douaire.

1427 1878 1609 1950 (Orig.
1638 1896 1685 1934 s,
1717 1880 1910 1951 purch.
1940 1880 2109 1935 Arch.
2140 1880 2214 1936 du
2242 1879 2431 1936 Loiret
2461 1879 2555 1947 G.)

954 2101 1057 2181 G.‚
1100 2110 1325 2167 cantor
1373 2095 1879 2180 AurelianensiS‚
1950 2096 2250 2167 omnibus
2290 2111 2624 2188 presentes
2682 2099 2931 2169 litteras
2988 2096 3115 2167 ius·-

868 2208 1153 2303 pecturis
1197 2212 1467 2281 salutem
1507 2209 1573 2279 in
1632 2209 1931 2282 Domino.
2001 2209 2401 2282 Universitati
2443 2224 2652 2282 vestre
2695 2225 2924 2282 uotum
2967 2209 3114 2281 faci·

868 2347 1012 2394 mus
1043 2326 1243 2415 quod,
1283 2345 1428 2394 cum
1457 2322 1630 2394 vices
1671 2324 2056 2395 venerabilis
2086 2322 2281 2414 patris
2316 2328 2602 2395 Manasse
2632 2322 3111 2395 Aurelianensis

864 2437 1152 2529 episcopi
1187 2460 1563 2529 gereremus
1600 2460 1715 2527 pro
1763 2453 2074 2529 tempore,
2113 2442 2337 2509 Petrus
2376 2440 2457 2509 de
2501 2442 2736 2521 Rusco‚
2782 2439 3005 2521 miles,
3045 2436 3107 2506 in

868 2566 1081 2623 nostra
1115 2553 1439 2643 presentia
1465 2551 1880 2635 constitutuS‚
1917 2552 2335 2624 elemosinam
2363 2552 2683 2623 sexdecim
2720 2553 3103 2632 solidorum,

863 2667 968 2759 qui
1003 2670 1082 2739 de
1143 2691 1262 2739 suo
1301 2681 1481 2739 erant
1519 2670 1730 2751 leod0‚
1788 2691 1825 2739 a
1871 2672 2174 2740 defuncto
2229 2671 2510 2740 Ebrardo
2549 2670 2629 2739 de
2675 2670 3104 2740 Castro-Novo

862 2787 1095 2855 factam
1158 2781 1435 2876 capitulo
1481 2789 1716 2856 Sancte
1766 2783 2015 2868 Crucis,
2071 2807 2234 2875 quos
2295 2783 2504 2856 eidem
2558 2783 2838 2874 capitulo
2891 2783 3103 2854 dictus

831 2891 1180 2968 'Ebrardus
1255 2899 1724 2989 imperpetuum
1791 2901 2122 2969 habendos
2184 2901 2569 2980 contulerat,
2633 2921 2908 2989 quorum
2972 2919 3106 2967 sex·

862 3010 1069 3082 decim
1110 3011 1461 3082 solidorum
1483 3014 1615 3102 jam
1660 3026 1907 3102 septem
1972 3011 2215 3083 solidos
2256 3010 2467 3103 ipsum
2498 3011 2844 3103 capitulum
2888 3010 3101 3103 possi-

862 3128 1051 3197 debat
1079 3141 1423 3216 expectans
1450 3148 1677 3196 novem
1714 3125 2019 3216 reliquos,
2065 3140 2210 3216 post
2245 3129 2586 3197 decessum
2622 3124 2842 3196 relicte
2873 3127 3100 3216 prelati

860 3242 1119 3311 Ebrardi
1197 3263 1323 3330 que
1384 3244 1548 3311 Rosa
1598 3239 1857 3322 dicitur,
1925 3263 2091 3330 quos
2152 3243 2289 3331 ipsa
2351 3244 2515 3311 Rosa
2583 3239 2863 3313 dotalicii
2919 3239 3101 3310 titulo

865 3353 1173 3445 possidet,
1204 3356 1281 3423 ad
1309 3353 1479 3424 idem
1521 3356 1953 3425 devolvendus
1991 3354 2342 3445 capitulum
2374 3354 2747 3446 approbavit
2771 3368 2836 3424 et
2869 3357 3102 3425 elemo-

861 3467 1066 3538 sinam
1107 3468 1275 3537 illam
1318 3466 1436 3558 ipsi
1487 3468 1765 3558 capitulo
1849 3466 2117 3557 quitavit
2182 3466 2439 3559 penitus
2496 3469 2708 3558 quiete
2772 3483 2836 3538 et
2898 3468 3098 3538 libere

865 3597 1170 3675 perpetuo
1243 3586 1726 3675 possidendam.
1801 3588 1983 3669 Quod
2065 3599 2281 3655 nostra
2346 3587 2582 3655 lactum
2647 3584 2968 3674 presentia
3036 3595 3098 3651 ut

860 3712 1064 3769 ratum
1105 3714 1168 3768 et
1208 3714 1427 3769 notum
1497 3714 1889 3789 permaneat,
1951 3712 2313 3789 presentem
2376 3699 2670 3789 pagiuam
2721 3700 2798 3768 ad
2853 3697 3099 3789 petitio·

862 3834 1007 3881 nem
1075 3810 1345 3902 partium
1432 3810 1622 3902 sigilli
1692 3811 1891 3881 nostri
1962 3815 2290 3882 karactere
2346 3811 2618 3882 fecimus
2681 3809 3091 3882 communiri.

861 3929 1084 3996 Actum
1116 3948 1283 3996 anno
1305 3923 1504 4016 gratie
1525 3928 1679 3996 MCC
1704 3924 1927 4015 quinto
1959 3923 2234 4009 decimo,
2265 3926 2369 3995 die
2395 3924 2763 3996 novembris
2791 3927 3092 4016 septimo.
