3485 5571
1450 702 1527 711 —
1568 666 1680 727 311
1733 701 1804 711 -

1505 993 1747 1055 CCXIX

1447 1268 1619 1330 Λούῑ
1653 1267 1807 1333 1228

498 1494 778 1561 Mathilde,
812 1495 1017 1553 semme
1059 1494 1128 1553 de
1171 1496 1345 1567 Ferry
1387 1495 1457 1551 de
1496 1497 1659 1567 Jouy‚
1691 1508 1979 1567 approuve
2003 1496 2059 1552 la
2088 1496 2349 1551 donation
2381 1496 2744 1569 precedente.

650 1644 825 1714 (Orig.
859 1661 900 1698 s.
924 1643 1116 1717 pai-cli.
1141 1645 1314 1700 Arch.
1347 1644 1423 1699 du
1451 1644 1659 1714 Loiret‚
1695 1644 1763 1701 G.
1806 1643 1947 1714 3743
1976 1644 2226 1700 mention
2255 1644 2599 1718 Scriptum.)

518 1794 560 1838 e

579 1851 904 1925 Universis
969 1867 1307 1945 presentes
1372 1853 1617 1924 litteras
1684 1853 2106 1946 inspecturis,
2185 1860 2389 1947 Hugo,
2467 1858 2748 1928 Aurelia-

490 1965 712 2038 nensis
769 1967 1043 2039 ecclesie
1101 1968 1616 2054 archidiaconus‚
1676 1971 1952 2040 salutem
2016 1968 2081 2040 in
2142 1971 2440 2042 Domino.
2497 1971 2754 2042 Noverit

491 2080 870 2152 universitas
898 2096 1109 2166 restra
1148 2085 1319 2173 quod
1362 2083 1621 2153 domina
1660 2084 2009 2168 mahildis,
2055 2108 2217 2155 uxor
2243 2083 2485 2156 domini
2515 2082 2751 2156 Ferrici

490 2196 569 2264 de
620 2194 862 2276 Joiaco,
928 2195 1175 2282 militm,
1220 2195 1427 2266 tratris
1467 2196 1804 2267 reverendi
1864 2195 2060 2287 patris
2116 2219 2190 2268 ac
2253 2196 2497 2268 domini
2543 2203 2750 2271 nostri

492 2307 854 2402 Ph[ilippi],
909 2311 1028 2380 Dei
1082 2308 1281 2400 gratia
1327 2309 1810 2381 Aurelianensis
1849 2310 2164 2402 episcopi,
2221 2310 2284 2381 in
2344 2325 2562 2384 nostra
2604 2332 2749 2403 pre-

489 2423 707 2495 sencia
740 2425 1085 2495 constituta
1122 2427 1532 2496 collationem
1573 2447 1764 2515 quam
1795 2423 1968 2496 idem
2010 2425 2356 2517 episcopus
2396 2428 2642 2498 decano
2674 2439 2742 2498 et

487 2539 766 2630 capitulo
818 2539 1253 2611 Aurelianensi
1313 2542 1546 2611 fecerat
1608 2543 1778 2632 apud
1835 2540 2067 2612 Villare
2120 2540 2364 2612 Martini
2430 2541 2732 2627 laudavit,

489 2655 687 2724 voluit
755 2668 818 2726 et
859 2654 1209 2737 concessit,
1280 2657 1404 2726 fide
1464 2653 1530 2725 in
1597 2678 1792 2725 manu
1854 2658 2057 2726 nostri
2116 2658 2377 2747 prestita
2430 2660 2743 2747 corporali

486 2767 869 2861 promittens
910 2770 1082 2861 quod
1124 2783 1349 2841 contra
1383 2771 1738 2862 predictam
1781 2768 2194 2841 donationem
2236 2794 2349 2861 per
2382 2794 2453 2843 se
2492 2774 2588 2842 vel
2628 2794 2741 2862 per

481 2884 677 2954 alium
734 2882 794 2952 in
850 2895 1173 2973 posterum
1238 2906 1365 2954 non
1423 2883 1688 2956 veniret.
1736 2887 1806 2954 ln
1843 2888 2028 2976 cujus
2083 2886 2172 2956 rei
2234 2888 2609 2956 memoriam
2668 2900 2735 2957 et

482 2997 926 3070 testimonium
954 3011 1287 3089 presentes
1328 2997 1570 3072 litteras
1608 3002 1685 3076 ad
1717 2997 2089 3091 petitionem
2124 3002 2409 3089 predicte
2440 3002 2727 3083 domine,

481 3114 547 3181 in
607 3110 1128 3182 archidiaconatu
1173 3126 1394 3183 nostro
1447 3111 1903 3195 mansionarie,
1932 3113 2063 3184 lieri
2122 3112 2393 3185 lecimus
2432 3128 2495 3184 et
2536 3113 2732 3204 sigilli

478 3224 683 3296 nostri
717 3225 1070 3300 munimine
1105 3229 1417 3298 roborari.
1464 3232 1687 3302 Actum
1727 3250 1901 3297 anno
1937 3227 2195 3299 Domini
2232 3231 2385 3298 MCC
2425 3225 2733 3302 vicesimo

478 3352 734 3425 oetam,
773 3361 996 3411 mense
1031 3353 1330 3434 augusto.

1516 3627 1716 3691 CCXX

1361 3911 1644 3973 Octobre
1688 3907 1846 3976 1228

482 4140 721 4196 Galeran
752 4138 821 4195 de
850 4140 1080 4210 Crasne‚
1112 4140 1386 4209 auzerain,
1433 4140 1703 4196 confirme
1747 4140 1800 4195 la
1848 4145 2009 4195 vente
2047 4156 2116 4195 au
2149 4141 2398 4212 chapitre
2427 4158 2527 4212 par
2559 4142 2725 4197 Sevin

571 4239 626 4289 et
654 4235 887 4291 Etienne
915 4234 1014 4290 des
1043 4235 1348 4303 Fourches,
1382 4235 1451 4291 de
1478 4236 1534 4291 la
1562 4236 1715 4291 dlme
1745 4236 1912 4308 qu’ils
1941 4236 2300 4307 possedaient
2325 4238 2358 4291 a
2391 4237 2626 4308 Aulnay.

942 4381 1117 4450 (Orig.
1149 4398 1196 4436 s,
1229 4383 1417 4450 parch.
1461 4383 1632 4437 Arch.
1665 4382 1738 4438 du
1767 4383 1981 4452 Loiret,
2014 4382 2080 4438 G.
2112 4383 2264 4453 312.)

569 4572 700 4659 Ego
751 4571 1098 4640 Galeranus
1156 4572 1234 4642 de
1287 4571 1530 4654 Granis,
1588 4571 1829 4640 domini
1886 4571 2058 4661 regis
2116 4568 2436 4651 baillivus,
2502 4584 2724 4640 notum

482 4682 645 4762 facio
682 4684 1094 4786 presentibus
1146 4697 1212 4762 et
1253 4684 1478 4760 suturis
1524 4685 1691 4774 quod
1735 4682 2004 4755 Sevinus
2046 4686 2125 4754 de
2170 4685 2445 4758 Forches
2485 4699 2549 4755 et
2589 4688 2727 4758 Ste-
