3485 5571
1853 586 1860 592 ·
1903 548 2021 612 220
2064 581 2139 596 —

836 691 1108 771 quatuor
1169 676 1350 748 libris
1402 674 1878 769 parisiensium,
1941 675 2243 767 quicquid
2320 689 2447 746 tam
2517 675 2580 747 in
2646 674 3103 747 oblationibus

705 810 711 815 ·
834 814 1026 882 quam
1066 790 1129 860 in
1159 788 1424 861 minutis
1463 787 1737 861 decimis
1764 787 2056 879 capiebat
2081 786 2290 860 eidem
2315 786 2589 860 lohanni
2620 787 3097 860 archidiacono

835 903 901 975 in
941 917 1250 996 perpetuo
1289 904 1582 994 quitavit,
1616 905 1742 974 fide
1780 901 2043 995 prestita
2083 905 2255 994 quod
2315 925 2464 993 erga
2503 924 2733 974 omnes
2784 899 3106 973 homines

838 1049 952 1119 pro
1013 1050 1206 1119 posse
1249 1049 1368 1097 suo
1426 1029 1616 1118 huJus
1680 1023 1773 1097 rei
1811 1028 2051 1096 faceret
2082 1023 2516 1116 guarenciam.
2574 1026 2650 1094 Et
2700 1023 2851 1114 quia
2897 1026 3107 1093 trater

829 1138 1116 1231 jamdicti
1140 1137 1426 1210 Herberti
1467 1151 1694 1231 captus
1723 1141 2090 1220 tenebatur,
2132 1135 2502 1227 sepedictus
2542 1139 2931 1219 HerbertuS,
2979 1136 3104 1206 fide

836 1252 1213 1344 interposita
1284 1265 1348 1323 et
1416 1251 1625 1344 plegio
1682 1251 1976 1343 prestito,
2050 1247 2297 1321 scilicet
2368 1253 2694 1342 Stephano
2782 1254 3104 1334 Ber-ruer,

836 1370 1151 1438 avunculo
1190 1389 1336 1451 suo,
1360 1365 1684 1438 concessit
1722 1378 1789 1438 et
1823 1364 2063 1458 pepigit
2094 1366 2267 1455 quod
2301 1366 2465 1436 infra
2505 1387 2797 1436 mensem
2842 1387 2930 1435 ex
2963 1385 3105 1454 quo

837 1485 1027 1553 frater
1059 1484 1201 1572 ejus
1235 1503 1271 1551 a
1310 1485 1611 1572 captione
1648 1479 1756 1550 illa
1793 1479 2015 1563 exiret,
2058 1480 2357 1550 eumdem
2386 1481 2644 1550 fratrem
2685 1502 2882 1549 suum
2938 1478 3098 1548 huic

837 1593 926 1666 rei
968 1617 1306 1666 assensum
1348 1617 1536 1665 suum
1572 1595 2162 1666 laceretadhibere.
2207 1596 2281 1663 Et
2318 1593 2465 1683 quia
2491 1592 2555 1663 in
2596 1606 2813 1664 nostra
2843 1595 3098 1663 lactum

837 1707 957 1779 suit
1001 1711 1123 1780 boc
1186 1695 1541 1800 presencia,
1603 1711 1682 1779 ad
1749 1708 2138 1800 peticionem
2202 1706 2561 1798 utriusque,
2604 1705 2800 1796 sigilli
2883 1704 3100 1776 nostri

838 1821 1280 1894 testimonium
1334 1820 1770 1894 adhibuimus.
1844 1827 2071 1893 Actum
2132 1823 2302 1912 apud
2366 1823 2860 1907 Petramfictam,
2924 1842 3104 1890 anno

838 1936 1038 2026 gratie
1069 1941 1144 2007 Μ·
1190 1939 1312 2007 CC·
1356 1939 1461 2005 11·.

1793 2266 2090 2328 CXXXVI
2102 2267 2149 2326 ΙΙ

1881 2541 2042 2606 1203

3315 2703 3322 2782 4

836 2773 1089 2845 Hugues,
1119 2773 1330 2846 eveque
1360 2771 1673 2839 d’Orleans,
1714 2770 1908 2828 affecte
1936 2772 1968 2827 ά
2006 2770 2422 2828 l’anniversaire
2453 2771 2523 2828 de
2550 2771 2733 2844 Jovin,
2757 2774 2965 2829 maltro
2985 2771 3089 2827 des

908 2869 1095 2925 eccles
1124 2870 1441 2935 d'Orleans,
1465 2867 1535 2924 ⁴0
1572 2869 1702 2926 S.de
1728 2873 1888 2924 rente
1916 2884 2016 2923 sur
2043 2869 2098 2924 la
2126 2869 2324 2925 riviere
2352 2868 2424 2925 de
2453 2868 3010 2926 pithiviers-le-Vieil
3030 2873 3085 2922 et

906 2965 979 3021 10
1009 2982 1055 3021 s.
1090 2982 1188 3021 sur
1213 2981 1323 3021 une
1354 2966 1568 3021 maison
1600 2963 1891 3035 designee.

1117 3113 1291 3183 (Orig.
1324 3113 1495 3169 Arcb.
1528 3113 1605 3167 du
1636 3112 1842 3180 Loiret,
1874 3113 1941 3168 G.
1974 3111 2118 3179 2443
2160 3114 2407 3168 mention
2438 3112 2792 3185 Scriptum).

928 3309 1136 3395 Hugo,
1177 3303 1292 3375 Dei
1333 3304 1531 3394 gratia
1560 3303 2039 3375 Aurelianensis
2063 3304 2436 3397 episcopus,
2473 3305 2777 3376 omnibus
2814 3309 2891 3377 ad
2915 3327 3077 3398 quos

840 3431 1177 3511 presentes
1216 3421 1426 3489 littere
1457 3418 1870 3510 pervenerint
1901 3420 1969 3487 in
2005 3430 2409 3510 perpetuum.
2458 3423 2742 3492 Perfecte
2792 3418 3081 3493 dilectio-

841 3532 940 3603 nis
1000 3530 1209 3604 reddit
1249 3530 1597 3623 judicium,
1647 3533 1754 3623 qui
1797 3545 1941 3623 post
1991 3532 2112 3603 vite
2155 3531 2476 3623 presentis
2519 3532 2894 3618 terminum,
2955 3533 3078 3602 illis

839 3669 1002 3738 quos
1041 3644 1162 3717 sibi
1196 3647 1346 3716 dum
1380 3647 1667 3717 viverent
1723 3649 1996 3716 honesta
2037 3644 2296 3716 dilectio
2335 3646 2656 3737 copulavit
2714 3646 3075 3718 misericor-

840 3759 1005 3832 diter
1059 3761 1465 3850 suffragatur.
1508 3762 1684 3831 Unde
1714 3772 1841 3830 tam
1883 3762 2304 3851 presentibus
2343 3783 2534 3851 quam
2575 3759 2801 3831 suturis
2853 3776 3073 3833 notum

838 3897 985 3946 esse
1013 3877 1306 3944 volumus
1332 3876 1505 3965 quod
1534 3896 1682 3945 cum
1714 3872 1916 3943 virum
1946 3876 2270 3965 quondam
2296 3873 2728 3946 venerabilem
2750 3874 3067 3953 lovinum‚

841 3986 1215 4077 magistrum
1276 3990 1596 4059 scolarum
1666 3986 2244 4072 Aurelianensium,
2307 3987 2652 4060 dilectione
2712 3988 3072 4080 plenissima

840 4124 1213 4174 curaremus
1262 4104 1413 4171 dum
1474 4103 1713 4173 viveret
1773 4101 2140 4193 amplexari,
2203 4105 2494 4174 volentes
2554 4104 2748 4174 etiam
2787 4098 3070 4174 amicicia

838 4239 1029 4307 quam
1058 4214 1294 4288 viventi
1321 4214 1727 4288 exhibuimus
1767 4215 1936 4288 circa
1973 4231 2297 4288 mortuum
2352 4219 2755 4302 habundare,
2814 4220 3071 4308 quadra-

838 4330 1014 4424 ginta
1054 4329 1299 4402 solidos
1335 4334 1536 4401 annui
1574 4329 1863 4402 redditus
1904 4331 2334 4422 possidendos
2395 4330 2458 4402 in
2522 4344 2903 4424 perpetuum
2952 4345 3066 4401 tam

840 4466 1035 4536 super
1072 4457 1304 4514 terram
1336 4466 1527 4534 quam
1556 4467 1756 4536 super
1782 4467 2011 4534 aquam
2041 4468 2203 4536 quas
2231 4467 2267 4515 a
2298 4447 2551 4516 Galtero
2591 4446 2860 4535 majore,
2910 4440 3064 4534 apud

842 4559 1053 4629 villam
1101 4579 1224 4649 que
1289 4561 1487 4630 Vetus
1530 4558 1774 4630 Piveris
1825 4562 2204 4651 appellatur,
2266 4558 2594 4630 noscimur
2642 4575 3061 4650 comparasse,
