3485 5571
1765 668 1840 688 *-
1891 628 1962 706 18
2005 677 2082 688 ..

800 766 897 840 cis
937 772 1249 853 decanus,
1282 773 1809 840 Aucbembaudus
1833 793 2089 860 quoque
2121 773 2532 842 subdecanus
2575 786 2640 841 et
2668 771 3048 862 praepositus

800 898 1025 954 notum
1070 883 1201 955 lieri
1244 887 1538 953 volumus
1564 883 1815 954 cunctis
1847 885 2145 966 fidelibus
2171 899 2297 953 tam
2342 883 2568 957 suturis
2595 908 2786 974 quam
2829 899 2892 955 et
2922 885 3048 954 ins-

800 997 1085 1068 tantibus
1139 1000 1309 1086 quod
1367 1022 1709 1067 commune
1761 997 2113 1088 capitulum
2156 1001 2406 1069 Sanctae
2464 997 2687 1071 Crucis
2725 998 3048 1068 communi

756 1125 864 1181 ·et
928 1109 1148 1180 humili
1191 1110 1499 1202 petitione
1538 1135 1572 1181 a
1616 1112 1804 1182 uobis
1854 1111 2196 1202 postulavit
2238 1128 2304 1180 ut
2355 1111 2561 1181 villam
2627 1133 2764 1201 quae
2824 1112 3049 1182 Villare

802 1222 981 1315 pium
1006 1224 1263 1307 dicitur,
1293 1249 1433 1315 quae
1459 1228 1755 1297 videlicet
1782 1229 2115 1317 hucusque
2155 1225 2514 1317 praestitura
2540 1224 2856 1308 extiterat,
2891 1241 3049 1307 etc„

801 1350 875 1410 ul
913 1359 981 1409 η’
1020 1340 1192 1424 LVI,
1229 1342 1494 1411 mutatis
1528 1362 1674 1431 (με
1715 1342 1857 1410 illic
1883 1342 2198 1412 adnotata
2223 1352 2397 1411 sunt.

1870 1677 1998 1741 Vlll

1668 1927 1849 2008 [1155
1893 1932 1944 1991 A
1986 1928 2166 2008 1159]

814 2136 1020 2206 Roger,
1064 2132 1205 2188 abbe
1254 2131 1323 2187 de
1371 2131 1814 2201 Saum-Euromo,
1846 2131 2035 2191 donne
2089 2149 2164 2189 au
2218 2134 2470 2203 chapitro
2533 2134 2605 2189 do
2659 2133 3057 2192 sainte-croix

882 2229 1063 2285 XVlll
1128 2227 1350 2283 deniers
1400 2228 1471 2285 de
1530 2244 1664 2283 cens
1719 2244 1819 2282 sur
1874 2227 2088 2300 l‘e'glise
2135 2228 2565 2300 Saint-Liphard
2623 2229 2940 2303 d’orleans,
2993 2246 3064 2287 on

884 2326 1131 2396 &change
1162 2323 1237 2377 du
1268 2324 1471 2395 champ
1504 2323 1750 2394 Hegron.

1554 2485 1753 2556 (Copia
1781 2485 1851 2541 de
1880 2486 2101 2553 Baluzo,
2130 2502 2184 2557 p.
2217 2485 2334 2555 86.)

908 2759 1039 2848 Ego
1093 2756 1471 2848 Rogerius¹,
1514 2754 1628 2829 Dei
1683 2754 1882 2849 gratia
1925 2754 2138 2827 Sancti
2187 2753 2436 2828 Evurcii
2477 2753 2688 2827 dictus
2728 2757 2953 2843 abbas,
3003 2769 3064 2828 et

822 2873 1111 2962 ejusdem
1172 2868 1293 2942 loci
1348 2883 1730 2955 conventuS,
1797 2883 2016 2941 notum
2083 2893 2232 2941 esse
2280 2873 2577 2941 volumus
2645 2869 3069 2962 praesentibus

824 2998 1015 3073 atque
1055 2982 1284 3053 futuris
1322 2985 1491 3074 quod
1545 2981 2018 3054 venerabilibus
2079 2982 2409 3055 canonicis
2472 2984 2767 3055 ecclesiae
2824 2988 3075 3055 Sanctae

826 3099 1045 3172 Crucis
1075 3103 1300 3171 decem
1324 3114 1388 3170 et
1411 3114 1558 3170 octo
1586 3099 1888 3171 denarios
1919 3122 2183 3182 censm,
2218 3122 2408 3189 quem
2443 3099 2505 3169 in
2542 3098 2750 3190 capite
2776 3100 3077 3170 ecclesiae

828 3214 1044 3286 Sancti
1086 3213 1333 3283 Liffardi
1377 3213 1852 3284 Aurelianensis
1880 3213 2246 3296 habuimus,
2292 3237 2404 3305 pro
2446 3227 2611 3283 terra
2655 3237 2801 3303 quae
2841 3210 3079 3283 dicitur

828 3352 1098 3419 campus
1132 3329 1393 3419 Agonis,
1444 3352 1587 3417 quae
1626 3327 1688 3397 in
1731 3331 2075 3420 praebenda
2116 3328 2335 3400 domni
2386 3326 2626 3399 Girardi
2668 3327 2949 3398 cantoris
3011 3341 3078 3397 et

829 3442 1048 3513 domni
1078 3442 1397 3513 Zachariae
1444 3441 1795 3513 subdecani
1836 3457 1897 3513 et
1930 3442 2149 3514 domni
2188 3443 2432 3512 Radulfi
2464 3440 2765 3532 capicerii
2811 3440 2953 3523 fuit,
3010 3442 3077 3510 in

830 3556 1224 3626 escambium
1284 3554 1684 3626 donavimus.
1731 3558 1915 3641 Quod
1974 3579 2054 3625 ne
2096 3559 2218 3625 ulla
2273 3571 2493 3647 posset
2551 3554 2872 3626 oblivione
2909 3556 3077 3645 apud

834 3686 1126 3762 posteros
1158 3669 1381 3751 deleri,
1429 3669 1793 3742 curavimus
1830 3668 2056 3741 litteris
2113 3672 2596 3750 commendare,
2633 3667 2822 3760 sigilli
2871 3667 3074 3739 nostri

833 3784 1258 3875 impressione
1298 3783 1579 3874 signare,
1624 3799 1687 3854 et
1730 3783 2187 3855 venerabilium
2214 3807 2287 3856 ac
2329 3783 2759 3875 legitimorum
2801 3785 3078 3853 virorum

832 3923 1103 3993 quorum
1147 3899 1506 3991 subscripta
1573 3914 1725 3970 sunt
1791 3888 2048 3971 nomina
2110 3913 2176 3971 et
2234 3899 2442 3991 signa,
2509 3898 2883 3971 testimonio
2930 3922 3080 3970 con-

835 4017 1106 4084 firmare.

833 4237 1083 4243 ———..-
1104 4235 1723 4242 ,μμ-*ῥή-

902 4377 916 4410 ¹
956 4377 1028 4430 La
1059 4377 1214 4446 copie
1245 4376 1315 4430 de
1347 4376 1549 4430 Baluze
1581 4377 1714 4430 ecrit
1749 4393 1847 4447 par
1892 4393 2126 4431 erreur:
2179 4379 2503 4431 BotbertuS.
2555 4378 2630 4431 La
2682 4378 2964 4444 signature
3007 4375 3080 4428 du

828 4465 1060 4520 chantre
1092 4464 1304 4518 Gerard
1336 4464 1694 4533 (1153-1159)
1727 4472 1942 4537 permet
1974 4466 2043 4519 de
2072 4466 2281 4520 limiter
2311 4467 2363 4519 la
2393 4466 2520 4520 date
2549 4466 2618 4520 de
2647 4483 2710 4520 ce
2742 4465 3077 4530 document3

828 4553 965 4610 celle
996 4554 1071 4608 du
1116 4554 1295 4624 doyen
1346 4555 1481 4609 Jean
1516 4556 1683 4624 (deux
1713 4556 2002 4626 porterent
2028 4571 2091 4610 ce
2146 4571 2279 4609 nom
2324 4562 2379 4610 et
2434 4571 2495 4610 se
2523 4555 2791 4610 suivirent
2834 4555 2903 4609 de
2945 4552 3080 4607 1155

826 4644 859 4697 ἡ
892 4641 1048 4711 1168)
1076 4644 1339 4699 restreint
1368 4660 1570 4698 encore
1599 4660 1708 4698 aux
1736 4644 1951 4699 annees
1974 4643 2117 4699 1155
2145 4645 2178 4698 εἰ
2206 4644 2352 4699 1159
