3485 5571
1360 665 1709 728 ...227-

1413 1041 1647 1102 CXLIV

897 1316 963 1379 S.
994 1315 1340 1396 Loxnerssde
1366 1316 1562 1389 mois,
1593 1317 1974 1396 septembre
2007 1315 2185 1378 1205.

424 1566 599 1622 Entre
617 1565 702 1620 les
725 1564 908 1621 mains
936 1563 1035 1620 des
1064 1565 1330 1636 delegues
1358 1565 1436 1620 du
1465 1563 1827 1635 Saum-Siege,
1862 1564 2096 1635 Hugues
2121 1564 2274 1620 Bisol
2304 1570 2359 1620 et
2383 1581 2474 1621 ses
2500 1564 2678 1621 ireres

495 1661 902 1718 abandonnent
944 1661 996 1717 la
1046 1667 1171 1733 part
1225 1662 1302 1717 du
1356 1661 1503 1716 droit
1539 1662 1704 1733 qu’ils
1761 1660 2065 1733 possedant
2121 1677 2194 1716 au
2247 1667 2555 1733 patronage
2609 1660 2679 1717 de

495 1756 714 1827 l‘eglise
740 1757 812 1811 de
833 1758 1056 1828 Josnes,
1088 1756 1504 1813 reconnaissent
1524 1773 1635 1828 que
1664 1761 1971 1828 patronage
2002 1760 2057 1811 et
2075 1757 2456 1828 presentation
2484 1772 2680 1829 appar-

496 1853 755 1909 tiennent
784 1853 815 1907 a
841 1851 1246 1911 Sainte—Croix.

914 1991 1094 2066 (Orig.
1127 2009 1173 2050 s.
1208 1994 1400 2064 purch.
1428 1993 1599 2049 Arch.
1623 1993 1700 2049 du
1726 1993 1935 2066 Loiret,
1957 1994 2026 2053 G.
2045 1991 2181 2066 333)

507 2211 912 2304 E[rnaldns]‚
962 2211 1135 2282 Beati
1166 2211 1543 2283 Launomari
1572 2214 1773 2282 abbas
1802 2211 2086 2297 humilis,
2123 2215 2230 2297 M„
2264 2210 2439 2304 prior
2470 2210 2679 2284 Sancti

419 2323 756 2408 Honorati,
786 2328 887 2412 B„
911 2327 1195 2397 decanus
1222 2324 1574 2409 Blesensis,
1609 2326 1914 2398 omnibus
1947 2325 2012 2395 in
2046 2339 2453 2418 perpetuum.
2483 2329 2682 2398 Nove-

417 2437 852 2529 rint3universi
887 2452 1221 2531 presentes
1244 2438 1490 2512 litteras
1515 2438 1894 2531 inspecturi,
1921 2442 2092 2530 quod
2115 2441 2445 2513 contentio
2474 2454 2680 2512 verte-

419 2557 613 2625 batur
639 2574 854 2624 coram
881 2551 1069 2625 nobis
1092 2552 1473 2625 auctoritate
1504 2552 1856 2646 apostolica
1880 2553 2048 2625 inter
2068 2553 2414 2646 capitulum
2448 2558 2680 2625 Sancte

420 2668 654 2739 Crucis
694 2665 1196 2750 Aurelianensis,
1230 2689 1305 2738 ex
1331 2690 1456 2737 una
1498 2680 1703 2759 parte,
1734 2679 1800 2738 et
1840 2671 2170 2758 Hugonem
2199 2669 2369 2738 Bisol
2410 2665 2678 2738 militem

424 2797 490 2854 et
522 2784 756 2853 fratres
786 2782 948 2872 ejus,
981 2804 1055 2854 ex
1097 2783 1319 2865 altera,
1356 2805 1551 2874 super
1592 2795 1995 2875 patronatum
2040 2781 2317 2854 ecclesie
2347 2783 2427 2854 de
2463 2784 2678 2853 Geona

425 2910 490 2968 et
533 2893 1018 2989 presentatione
1053 2918 1330 2985 persone
1359 2897 1427 2965 in
1459 2898 1708 2967 eadem.
1754 2898 2038 2967 Tandem
2091 2896 2247 2968 dicti
2290 2900 2468 2987 Hugo
2509 2896 2678 2967 Bisol

422 3025 485 3082 et
514 3012 749 3082 tratres
790 3012 928 3101 ejus
965 3032 1180 3081 coram
1222 3008 1410 3081 nobis
1470 3024 1985 3100 recognoverunt
2045 3033 2116 3082 se
2177 3014 2437 3102 penitus
2484 3009 2677 3081 nichil

413 3123 584 3216 juris
627 3127 862 3196 habere
917 3123 984 3194 in
1023 3127 1315 3217 ejusdem
1364 3124 1641 3196 ecclesie
1702 3138 2036 3216 patronatu
2091 3139 2154 3196 et
2203 3123 2679 3216 presentatione

423 3261 711 3332 persone
750 3239 815 3308 in
856 3240 1111 3322 eadem,
1138 3253 1204 3310 et
1240 3251 1644 3329 patronatum
1693 3240 1988 3331 ejusdem
2030 3253 2095 3310 et
2134 3237 2677 3330 presentationem

423 3372 710 3442 persone
764 3351 825 3420 in
868 3353 1093 3421 eadem
1131 3353 1211 3420 ad
1268 3351 1612 3421 ecclesiam
1645 3354 1877 3421 Sancte
1944 3349 2165 3421 Crucis
2203 3350 2679 3423 Aurelianensis

424 3463 783 3556 pertinere,
817 3477 880 3535 et
906 3462 959 3535 si
991 3466 1145 3556 quid
1169 3465 1331 3555 juris
1385 3466 1710 3535 habebant
1749 3464 1810 3535 in
1846 3477 2182 3557 patronatu
2240 3478 2305 3537 et
2349 3480 2680 3558 presenta-

423 3583 610 3653 tione
649 3602 926 3672 persone
978 3578 1044 3648 in
1094 3582 1346 3663 eadem,
1402 3578 1464 3650 in
1526 3604 1719 3651 manu
1777 3596 1994 3652 nostra
2060 3583 2492 3672 resignarunt.
2552 3584 2681 3653 Nos

421 3708 672 3782 autem,
702 3692 809 3784 qui
842 3716 1036 3785 super
1073 3692 1355 3786 predicta
1380 3717 1573 3765 cansa
1597 3718 1632 3765 a
1668 3693 1930 3767 domino
1961 3697 2367 3779 Innocentio,
2397 3699 2680 3767 Romane

427 3808 621 3882 Sedis
671 3809 996 3900 pontifice,
1040 3811 1364 3880 fueramus
1390 3807 1642 3901 judices
1683 3808 1983 3900 delegati,
2035 3811 2100 3879 in
2140 3812 2331 3901 hujus
2389 3810 2680 3901 recogni-

425 3922 630 3996 tionis
676 3936 741 3994 et
775 3921 1227 4014 resignationis
1266 3922 1709 3994 testimonium
1751 3946 1826 3994 ex
1886 3946 2160 3996 assensu
2223 3938 2288 3996 et
2353 3927 2678 3995 voluntate

428 4038 913 4133 sepedictorum
973 4039 1308 4132 H[ugonis]
1381 4051 1445 4111 et
1510 4044 1771 4110 lratrum
1843 4042 1985 4131 ejus
2046 4054 2380 4132 presentes
2440 4042 2681 4112 litteras

431 4155 795 4247 sigillorum
837 4168 1205 4224 nostrorum
1245 4153 1779 4245 impressionibus
1821 4154 2117 4225 duximus
2174 4156 2679 4246 consignandas.

432 4275 662 4341 Actum
705 4266 910 4338 Blesis
948 4270 1116 4359 apud
1152 4278 1444 4338 sanctum
1486 4272 1976 4352 Launomarum‚
2019 4292 2188 4341 anno
2227 4266 2686 4344 incarnationis

431 4380 775 4477 Dominice
813 4384 895 4450 Μ·
934 4383 1053 4451 CC·
1084 4379 1332 4473 quinto,
1376 4405 1600 4453 mense
1629 4382 2004 4475 septembri.
