3485 5571
1770 609 2133 676 ..484-

822 738 1106 812 ecclesie
1145 760 1261 810 sue
1293 738 1604 830 predicte,
1644 761 1721 811 ex
1749 753 1926 832 parte
1951 742 2178 825 altera,
2225 739 2594 809 vertebatur
2632 760 2750 809 seu
2790 736 2945 810 verti
2972 737 3056 809 di·

824 856 1293 944 cebatursuper
1311 851 1730 945 jurisdicione
1753 867 1814 924 et
1840 850 2100 945 justicia
2126 851 2271 923 ville
2293 854 2373 923 de
2399 850 2662 924 Noemio
2681 874 2880 943 super
2899 850 3060 943 Lige-

822 965 964 1053 rim,
1009 965 1073 1037 in
1131 965 1449 1037 territorio
1502 980 1565 1037 et
1606 964 2016 1059 pertinentiis
2063 963 2290 1037 decani
2329 978 2395 1036 et
2432 964 2698 1055 capituli
2751 967 3060 1055 predicto·

823 1103 991 1163 rum,
1029 1092 1215 1171 prout
1254 1078 1424 1151 idem
1461 1081 1777 1171 magister
1812 1083 2140 1151 lohannes
2177 1081 2508 1151 asserebat
2546 1091 2609 1149 et
2649 1092 2842 1169 prout
2877 1078 3059 1150 etiam

821 1191 990 1264 dicta
1032 1190 1293 1265 domina
1325 1193 1654 1266 comitissa
1679 1218 1756 1266 ac
1802 1191 2187 1266 venerabilis
2226 1191 2319 1264 vir
2357 1194 2658 1263 dominus
2698 1195 3061 1284 Radulpbus

818 1309 897 1377 de
940 1308 1373 1394 Cbeneveriis,
1410 1309 1577 1399 juris
1617 1306 1825 1379 civilis
1864 1310 2213 1398 professor,
2261 1319 2326 1378 et
2366 1305 2743 1378 Guillelmus
2792 1309 2873 1378 de
2908 1311 3061 1397 flag-

813 1421 1011 1509 duno‚
1057 1420 1410 1493 canonicus
1445 1420 1720 1495 ecclesie
1751 1419 2229 1492 Aurelianensis
2270 1419 2575 1512 predicte,
2610 1434 3056 1512 procuratores

810 1533 1127 1606 dictorum
1177 1534 1401 1608 decani
1437 1550 1503 1607 et
1530 1534 1820 1629 capituli,
1863 1551 2051 1628 prout
2077 1536 2144 1605 in
2183 1532 2567 1627 quibusdam
2604 1534 3057 1626 procuratoriis

807 1647 1060 1732 litteris,
1105 1648 1314 1741 sigillo
1353 1651 1619 1741 capituli
1669 1648 1962 1742 predicti,
2014 1663 2083 1719 ut
2118 1652 2463 1741 apparebat
2512 1651 2713 1739 prima
2752 1648 2942 1733 facie,
2975 1648 3055 1720 si-

804 1762 1067 1854 gillatis,
1117 1763 1573 1836 dinoscebatur
1615 1765 1870 1855 plenius
1907 1762 2249 1847 contineri,
2312 1762 2749 1855 procuratorio
2780 1766 3042 1835 nomine

806 1880 1122 1970 predicto,
1154 1894 1488 1970 presentes
1527 1903 1741 1951 coram
1775 1902 1879 1951 me
1909 1894 1973 1950 et
2023 1880 2298 1950 testibus
2335 1876 2748 1969 subscriptis,
2790 1881 3051 1950 confite-

803 1993 1036 2063 bantur
1073 2016 1376 2085 expresse
1440 1997 1518 2065 ad
1570 1993 2066 2084 requisicionem
2110 2008 2171 2063 et
2219 1995 2300 2063 de
2349 2015 2655 2084 expresso
2718 2015 3040 2064 consensu

802 2104 1085 2197 ipsorum
1118 2105 1381 2179 domine
1412 2106 1747 2178 comitisse
1777 2120 1838 2178 et
1887 2122 2397 2199 procuratorum,
2440 2105 2681 2177 dictum
2726 2129 2842 2177 seu
2891 2106 3050 2177 arbi-

800 2219 989 2291 trium
1031 2245 1219 2292 suum
1251 2224 1513 2314 protulit
1538 2221 1602 2291 in
1646 2225 1818 2292 bunc
1857 2224 2120 2292 modum
2157 2244 2173 2291 ε

887 2341 930 2406 Α
974 2350 1118 2406 touz
1151 2358 1307 2407 ceus
1347 2337 1458 2427 qui
1496 2349 1755 2407 verront
1793 2348 2007 2407 cestes
2048 2347 2382 2426 presentes
2408 2339 2626 2423 letres,
2667 2336 2779 2407 Gie
2806 2338 3043 2406 lohanz

797 2448 890 2519 dit
939 2454 1146 2539 Barat,
1213 2453 1408 2533 clerc,
1452 2452 1641 2521 salut.
1687 2454 1990 2533 Sacbent,
2036 2466 2206 2522 etc...
2240 2450 2401 2537 (Ch.
2437 2452 2739 2522 CCCLXll
2776 2472 2926 2523 avec
2963 2452 3047 2521 les

798 2566 1178 2657 variantes).

885 2682 1135 2751 Prolato
1174 2691 1388 2750 autem
1419 2679 1591 2750 dicto
1632 2701 1749 2750 seu
1803 2680 2070 2750 arbitrio
2104 2678 2423 2771 predicto,
2470 2678 2805 2751 memorati
2847 2678 3043 2751 comi-

792 2790 948 2863 tissa
977 2807 1040 2864 et
1076 2791 1379 2864 dominus
1420 2794 1798 2884 Radulphus
1838 2795 1917 2864 de
1978 2792 2386 2864 Cbeneveriis
2425 2815 2501 2863 ac
2541 2791 2916 2864 Guillelmus
2962 2794 3038 2862 de

792 2910 1126 2996 Magduno,
1170 2919 1615 2997 procuratores
1641 2908 1867 2977 decani
1895 2918 1957 2976 et
1989 2905 2247 2997 capituli
2285 2908 2744 2997 predictorum,
2782 2928 3040 2998 presen-

791 3033 892 3090 tes
938 3042 1057 3089 suo
1089 3042 1165 3090 ac
1208 3018 1642 3110 procuratorio
1689 3018 1952 3090 nomine
1993 3018 2309 3109 predicto,
2374 3022 2688 3091 babentes
2731 3018 2898 3090 inter
2935 3041 3037 3090 ce-

792 3144 922 3203 tera
954 3146 1334 3225 potestatem
1362 3146 1426 3204 et
1464 3135 1832 3204 mandatum
1875 3131 2282 3218 ratilficandi,
2314 3133 2667 3224 aprobandi
2696 3148 2763 3205 et
2798 3136 3037 3204 emolo-

790 3249 980 3337 gandi
1019 3249 1355 3319 arbitrium
1398 3270 1511 3320 seu
1548 3248 2034 3319 ordinacionem
2075 3250 2246 3339 quod
2286 3250 2381 3319 vel
2428 3270 2617 3338 quam
2655 3247 2866 3319 dictus
2906 3270 3031 3318 ma-

790 3359 989 3452 gister
1016 3363 1342 3433 lohannes
1385 3362 1724 3432 arbitrator
1763 3360 2010 3432 duxerit
2063 3364 2515 3453 proferendum
2572 3364 2668 3433 vel
2711 3363 3030 3452 proferen-

789 3476 960 3560 dam,
1019 3474 1260 3547 dictum
1300 3489 1365 3549 et
1412 3474 1885 3548 ordinationem
1938 3475 2281 3567 predictaS,
2327 3490 2515 3568 prout
2554 3476 2855 3567 superius
2887 3490 3029 3547 sunt

787 3615 1115 3684 expresse,
1168 3597 1527 3679 voluerunt,
1578 3595 2020 3678 laudaverunt,
2074 3596 2584 3685 approbaverunt
2615 3607 2680 3664 et
2715 3595 3028 3684 emologa·

786 3720 1015 3780 verunt
1053 3731 1379 3799 expresse,
1443 3722 1508 3780 et
1567 3705 2001 3799 promiserunt
2046 3707 2377 3791 hincinde,
2437 3721 2562 3778 tam
2615 3706 2785 3779 dicta
2835 3706 3023 3779 comi-

787 3821 945 3893 tissa
982 3844 1170 3913 quam
1228 3835 1675 3912 procuratores
1741 3821 2012 3912 predicti
2081 3819 2527 3912 procuratorio
2584 3823 2851 3893 nomine
2889 3843 3022 3912 pre-

785 3935 984 4024 dicto,
1016 3935 1334 4028 predictas
1386 3935 1630 4007 dictum
1668 3950 1735 4006 et
1792 3934 2275 4007 ordinacionem
2338 3949 2585 4018 tenere,
2653 3958 2909 4007 servare
2959 3942 3022 4005 et

788 4053 1141 4142 adimplere
1166 4064 1233 4123 et
1279 4066 1500 4122 contra
1542 4049 1852 4141 premissa
1890 4063 1999 4121 aut
2037 4048 2246 4140 aliqua
2286 4054 2367 4122 de
2407 4047 2742 4140 premissis
2772 4073 2845 4122 se
2877 4071 3021 4140 qua-

785 4188 1062 4259 cumque
1101 4166 1359 4237 racione
1407 4167 1504 4236 vel
1536 4186 1728 4236 causa
1770 4162 1834 4234 in
1890 4178 2218 4255 posterum
2262 4187 2390 4235 non
2431 4180 2760 4236 venturos.
2801 4172 3018 4236 Actum

779 4284 946 4374 apud
1001 4282 1361 4364 Boloniam,
1415 4281 1676 4349 domum
1738 4280 2032 4370 ejusdem
2069 4277 2429 4363 comitisse,
2473 4280 2541 4349 in
2590 4276 2839 4351 diocesi
2881 4282 3019 4350 Car-

777 4397 1064 4483 notensi,
1102 4420 1300 4481 anno,
1342 4418 1588 4482 mense,
1620 4394 1724 4466 die
1754 4409 1819 4466 et
1850 4392 2203 4467 indictione
2247 4394 2577 4487 predictis,
2613 4395 3013 4487 presentibus

777 4538 902 4586 una
950 4538 1099 4587 cum
1139 4512 1329 4585 dictis
1361 4510 1692 4584 comitissa
1721 4524 1787 4583 et
1824 4514 2343 4602 procuratoribus
2383 4510 2693 4603 religioso
2723 4513 2859 4584 viro
2900 4516 3011 4582 sra-

772 4644 868 4703 tre
911 4634 1189 4723 Symone
1229 4626 1583 4718 Marquieiz,
1620 4630 1700 4698 de
1733 4629 1960 4697 ordine
1998 4631 2260 4698 fratrum
2311 4628 2647 4713 Minorum,
2681 4639 2745 4698 et
2777 4628 3006 4702 discre-
