3485 5571
1674 615 2032 692 —154-

724 742 977 826 clericis
1015 743 1250 834 pariter
1288 745 1795 836 respondebunt.
1845 742 2188 828 Sciendum
2222 764 2477 834 quoque
2517 743 2689 832 quod
2736 740 2974 824 minuta

726 857 972 928 decima
999 860 1078 928 de
1118 855 1258 944 villa
1289 856 1620 946 Gausberti
1665 872 1881 938 nostra
1925 870 2170 940 tantum
2208 870 2328 940 est,
2396 855 2478 930 ita
2537 858 2708 946 quod
2782 857 2849 936 in
2907 878 2977 926 ea

726 969 935 1050 clerici
970 970 1163 1041 nichil
1207 973 1561 1058 habebunt.
1602 974 1787 1057 Quod
1829 969 1881 1040 si
1928 968 2277 1040 dixerimus
2315 969 2611 1040 homines
2653 993 2784 1040 non
2827 972 2977 1039 fide-

729 1085 871 1182 liter
937 1084 1245 1176 minutam
1285 1085 1599 1162 decimam
1662 1087 1940 1168 solvere,
1999 1087 2061 1170 in
2119 1096 2338 1154 nostro
2379 1082 2499 1170 erit
2558 1082 2822 1157 arbitrio
2883 1087 2974 1153 vel

727 1198 1232 1288 ecclesiasticam
1266 1199 1594 1291 Justiciam
1634 1198 1959 1289 requirere
2003 1201 2098 1276 vel
2176 1201 2422 1280 decano
2475 1203 2710 1268 Sancte
2761 1196 2980 1267 Crucis

728 1312 1129 1399 denuntiare,
1176 1311 1279 1404 qui
1325 1316 1416 1394 vel
1450 1313 1757 1394 minutam
1794 1312 2108 1394 decimam
2158 1316 2344 1403 plene
2387 1310 2566 1394 reddi
2620 1310 2836 1391 laciet,
2885 1313 2980 1381 vel

730 1441 1134 1516 sacramento
1160 1425 1393 1512 firmari
1436 1428 1603 1517 quod
1644 1426 1916 1514 fideliter
1949 1426 2192 1508 reddita
2234 1425 2339 1497 sit.
2388 1427 2452 1508 Si
2492 1428 2658 1497 {orte
2697 1425 2763 1495 in
2797 1423 2983 1504 terris

728 1540 1272 1636 supranominatis
1300 1540 1539 1631 aliquid
1569 1544 1788 1612 venale
1829 1555 2221 1632 proponetur
2260 1539 2693 1611 communiter
2745 1564 2780 1610 a
2833 1542 2986 1612 dua-

731 1660 850 1742 bus
881 1653 1177 1732 ecclesiis
1208 1668 1479 1726 emetur.
1526 1658 1710 1741 Quod
1745 1654 1795 1724 si
1838 1655 1956 1740 alia
1989 1678 2135 1747 pars
2194 1669 2534 1746 postquam
2588 1653 2983 1724 summonita

730 1767 917 1854 luerit
955 1772 1034 1856 ab
1060 1768 1384 1859 emptione
1424 1768 1730 1851 cessabit,
1781 1791 1925 1859 pars
1977 1768 2097 1838 alia
2138 1767 2258 1838 sibi
2311 1782 2482 1838 emet
2529 1783 2593 1839 et
2657 1766 2985 1859 proprium

731 1883 1011 1956 babebit.
1047 1883 1423 1966 Addendum
1464 1905 1719 1972 quoque
1775 1884 1944 1972 quod
2000 1881 2052 1951 si
2110 1881 2473 1972 calumpnia
2531 1880 2740 1973 aliqua
2789 1904 2986 1972 super

731 1998 1037 2088 predictis
1075 1994 1264 2068 terris
1296 1996 1580 2066 alterutri
1608 1994 1884 2066 ecclesie
1925 2009 2094 2066 mota
2136 1994 2346 2077 luerit,
2379 1997 2814 2079 communiter
2857 2009 2985 2065 tam

729 2136 849 2183 nos
882 2136 1069 2203 quam
1111 2110 1324 2183 clerici
1367 2113 1583 2198 labore
1617 2123 1680 2180 et
1722 2124 1982 2200 sumptu
2043 2108 2376 2202 utriusque
2407 2110 2684 2182 ecclesie
2716 2133 2984 2181 causam

730 2248 1216 2319 prosequemur.
1264 2226 1447 2310 Quod
1487 2237 1553 2292 ut
1600 2238 1806 2294 ratum
1848 2237 1912 2294 et
1976 2223 2440 2295 inconcussum
2518 2224 2582 2293 in
2652 2239 2988 2316 posterum

732 2351 1122 2430 permaneat,
1182 2338 1502 2434 predictas
1563 2338 2082 2430 conventio[n]cs
2153 2337 2364 2427 sigillo
2425 2352 2649 2412 nostro
2711 2339 2992 2409 lecimus

731 2451 1117 2532 confirmari.
1164 2457 1387 2538 Actum
1423 2448 1675 2543 publice
1698 2449 2018 2532 Carnotis,
2060 2474 2228 2521 auno
2259 2455 2337 2534 ab
2371 2451 2816 2524 incarnatione
2857 2457 2989 2524 Do-

731 2566 886 2646 mini
920 2570 1231 2647 MCLXXI,
1276 2565 1334 2634 in
1381 2565 1701 2656 presentia
1734 2563 2003 2657 predicti
2040 2563 2509 2658 archiepiscopi
2558 2565 2987 2648 SenonensiS‚

731 2680 1090 2768 astantibus
1138 2682 1481 2770 majoribus
1544 2678 1958 2751 Carnotensis
2005 2682 2281 2751 ecclesie
2325 2680 2621 2772 personis
2671 2683 2991 2751 Gaulredo

733 2800 1007 2881 decano,
1081 2793 1445 2881 Almaurico
1521 2807 1808 2878 cantore,
1867 2793 2223 2865 Gisleherto
2271 2798 2670 2879 subdecanum
2712 2793 2993 2869 Galterio

734 2908 1184 2981 archidiacono
1216 2906 1525 2979 Dunensi.
1569 2911 1654 2978 Ex
1696 2922 1874 2999 parte
1939 2908 2415 2981 Aurelianensis
2466 2911 2745 2991 ecclesie
2791 2934 2806 2979 :
2856 2914 2995 2981 Ste-

738 3026 947 3115 phano
987 3026 1216 3095 abbate
1248 3021 1460 3091 Sancti
1501 3021 1776 3104 Evurcii‚
1811 3026 2071 3114 Hugone
2121 3025 2394 3107 decan0‚
2442 3024 2780 3096 Guillelmo
2838 3047 2994 3099 can-

734 3148 896 3215 tore,
941 3136 1199 3219 Letoldo
1227 3136 1620 3203 subdecano.
1650 3136 1733 3203 Ex
1777 3148 1952 3229 parte
1980 3135 2346 3211 monasterii
2382 3135 2924 3230 Bonevall[ensis]
2969 3162 2986 3206 :

738 3250 880 3338 ipso
947 3250 1175 3317 abbate
1235 3250 1566 3331 HerbertO,
1633 3250 1828 3317 Adam
1886 3245 2096 3338 priore
2160 3251 2239 3325 de
2305 3253 2591 3333 PathaiO,
2672 3250 2993 3327 Rainardo

738 3360 949 3455 priore
983 3364 1062 3432 de
1090 3359 1520 3444 Columevilla,
1568 3362 1846 3433 Roberto
1873 3359 2200 3455 preposito
2243 3362 2640 3443 monasterii.

3407 5330 3429 5566 L———
3427 5238 3429 5309 —
