3485 5571
384 801 873 875 Aurelianensis
923 816 1313 895 proponeret
1368 825 1587 873 coram
1629 804 1819 874 nobis
1881 805 2081 894 quod,
2132 803 2280 876 licet
2318 818 2445 874 tam
2503 801 2642 895 ipse

382 937 585 1006 quam
635 921 1130 1008 predecessores
1160 916 1259 987 sui
1293 939 1329 987 a
1368 931 1657 1008 tempore
1684 940 1720 988 a
1759 940 1887 1008 quo
1927 941 2055 989 non
2087 917 2301 990 existit
2335 916 2648 989 memoria

380 1030 702 1102 fecissent
744 1045 808 1103 et
845 1045 1067 1103 essent
1103 1034 1172 1102 in
1215 1030 1477 1122 pacifica
1519 1031 1934 1123 possessione
1983 1055 2098 1103 seu
2135 1035 2348 1104 sesina
2382 1033 2644 1104 tenendi

380 1159 450 1215 et
511 1145 786 1216 habendi
850 1148 915 1216 in
955 1147 1099 1216 villa
1138 1144 1579 1217 Aurelianensi
1627 1148 1972 1236 quemdam
2031 1145 2415 1219 servientem
2466 1150 2640 1239 Juxta

380 1279 508 1328 sue
576 1257 920 1329 voluntatis
973 1256 1307 1330 arbitrium
1353 1260 1750 1349 eligendum,
1805 1261 2093 1350 quietum
2135 1271 2199 1331 et
2244 1259 2519 1330 liberum
2581 1273 2647 1329 et

378 1377 748 1442 immunem
787 1369 852 1440 in
882 1372 1030 1443 villa
1063 1370 1348 1463 predicta
1394 1394 1430 1442 a
1475 1371 1645 1442 tallia
1685 1386 1751 1443 et
1790 1395 1824 1442 a
1858 1370 2378 1462 quibuscumque
2427 1387 2644 1444 costu-

381 1483 543 1567 mis,
601 1485 846 1556 ratione
893 1483 991 1556 sui
1050 1484 1302 1556 servicii
1355 1488 1527 1575 quod
1592 1500 1852 1558 vocatur
1908 1488 2250 1558 servicium
2303 1490 2382 1558 de
2422 1509 2647 1558 manu-

383 1596 625 1688 tergio,
712 1601 881 1691 quod
952 1597 1212 1689 quidem
1285 1599 1625 1671 servicium
1667 1602 1841 1671 idem
1882 1602 2170 1672 serviens
2231 1600 2294 1671 in
2336 1602 2439 1672 die
2487 1622 2648 1672 cene

381 1710 649 1782 Domini
728 1725 982 1784 tenetur
1063 1712 1334 1804 singulis
1384 1713 1573 1784 annis
1642 1716 1853 1785 facere
1919 1715 2167 1786 decano
2250 1728 2315 1787 et
2367 1713 2647 1806 capitulo

381 1826 969 1913 Aurelianensi;et
1017 1826 1436 1900 nihilominus
1489 1842 1700 1900 tamen
1758 1827 2051 1899 baillivus
2104 1837 2328 1901 noster
2367 1828 2648 1901 Aurelia-

380 1940 641 2025 nensis,
680 1956 868 2032 prout
913 1942 1084 2014 idem
1116 1944 1527 2014 subdecanus
1556 1946 1911 2026 asserebat,
1953 1941 2164 2034 ipsum
2205 1966 2406 2034 super
2431 1942 2646 2014 sesina

387 2054 677 2146 predicta
748 2059 1184 2146 perturbabat,
1245 2055 1528 2128 indebite
1593 2055 1989 2129 intendendo
2051 2070 2273 2130 contra
2333 2056 2646 2149 justitiam

383 2170 632 2240 talliam
686 2168 938 2262 exigere
1003 2172 1082 2240 ab
1141 2169 1511 2261 hujusmodi
1566 2169 1934 2255 serviente3
1991 2176 2277 2256 tandem,
2343 2171 2648 2263 inquisita

383 2305 588 2375 super
625 2286 750 2356 hoc
814 2286 894 2355 de
962 2287 1267 2357 mandato
1321 2284 1498 2356 curie
1560 2298 1780 2356 nostre
1843 2284 2096 2375 plenius
2143 2289 2432 2369 veritate,
2496 2284 2643 2377 quia

383 2397 724 2468 inventum
768 2396 884 2468 fuit
934 2400 1375 2470 subdecanum
1416 2397 1777 2491 predictum
1829 2421 1976 2471 esse
2011 2399 2076 2469 in
2126 2402 2342 2471 sesina
2380 2398 2646 2471 tenendi

382 2525 452 2583 et
492 2513 775 2582 habendi
826 2512 1213 2584 servientem
1256 2513 1612 2604 predictum
1643 2513 1709 2588 in
1739 2512 1886 2584 villa
1931 2528 2286 2586 memorata
2324 2515 2643 2605 quietum,

385 2638 458 2696 ut
515 2623 760 2696 dictum
814 2641 940 2711 est,
991 2649 1026 2697 a
1066 2628 1236 2698 tallia
1289 2641 1353 2697 et
1401 2628 1745 2711 costumis,
1804 2631 2301 2719 pronunciatum
2349 2627 2470 2698 fuit
2533 2650 2648 2719 per

384 2738 598 2832 ipsius
635 2741 811 2812 curie
837 2752 1056 2813 nostre
1088 2740 1405 2833 judicium
1446 2743 1888 2814 subdecanum
1920 2741 1987 2813 in
2019 2741 2233 2814 sesina
2274 2744 2644 2834 hujusmodi

385 2877 725 2926 remanere
778 2857 1040 2927 debere.
1084 2858 1153 2925 In
1193 2858 1377 2947 cujus
1417 2856 1504 2927 rei
1546 2855 1989 2927 testimonium
2030 2855 2438 2948 presentibus
2478 2855 2647 2927 litte-

384 2968 477 3039 ris
516 2983 812 3040 nostrum
874 2969 1146 3041 fecimus
1202 2968 1437 3062 apponi
1478 2969 1787 3062 sigillum.
1831 2974 2056 3041 Actum
2122 2969 2406 3056 ParisiiS,
2473 2994 2643 3042 anno

394 3081 658 3154 Domini
702 3085 895 3166 1275,
941 3105 1166 3155 mense
1205 3081 1554 3155 decembri.

1327 3415 1710 3478 CCCXXVIII

1109 3697 1501 3766 Vincennes,
1543 3712 1723 3758 mars
1767 3694 1928 3758 1276

387 3925 751 3996 Assignation
780 3941 883 3997 par
912 3925 1165 3997 Philippo
1196 3925 1270 3981 1v
1307 3938 1406 3980 sur
1436 3925 1490 3979 la
1517 3925 1749 3996 prevdte
1775 3923 2067 3980 d’Orleans
2097 3922 2165 3979 de
2191 3923 2262 3978 15
2287 3923 2456 3979 livres
2486 3928 2646 3979 tour-

462 4017 588 4072 nois
625 4016 695 4072 de
724 4022 880 4072 rente
915 4018 948 4071 a
984 4032 1151 4087 payer
1180 4031 1252 4071 au
1289 4016 1579 4088 chapelain
1627 4015 1798 4076 fonde
1835 4033 1936 4088 par
1962 4015 2254 4088 Alphonse
2301 4015 2371 4070 de
2401 4014 2643 4071 Poitiers

462 4129 536 4168 en
573 4111 785 4184 l’eglise
812 4113 1130 4169 d'Orleans.

393 4258 564 4329 (Bibl.
596 4258 723 4313 Nat.
755 4260 998 4328 Mor-ean,
1028 4257 1134 4313 199
1168 4275 1184 4311 ε
1212 4257 1339 4314 216.
1372 4276 1397 4310 α
1435 4258 1556 4312 Pris
1584 4270 1684 4312 sur
1707 4258 1766 4313 le
1792 4257 2089 4313 cartulaire
2128 4256 2196 4310 de
2238 4255 2647 4326 Sainte·Croix‚

569 4354 668 4409 fol.
708 4354 777 4410 38
810 4370 882 4421 vo,
914 4358 1066 4409 carta
1094 4354 1212 4409 342.
1257 4372 1287 4406 »
1325 4354 1546 4425 Envcye
1570 4371 1672 4425 par
1717 4357 1782 4409 D.
1825 4354 1892 4409 G.
1926 4354 1980 4408 le
2008 4353 2077 4408 27
2099 4368 2250 4408 mars
2277 4351 2465 4424 1765).

482 4570 837 4662 PhilippuS,
880 4568 994 4641 Dei
1027 4574 1241 4661 gracia
1283 4574 1666 4641 Francorum
1707 4593 1839 4653 rex,
1875 4584 2095 4642 notum
2137 4568 2405 4640 facimus
2433 4568 2642 4638 omni-

395 4686 513 4755 bus
543 4698 671 4755 tam
701 4683 1108 4778 presentibus
1147 4707 1336 4774 quam
1379 4686 1607 4755 luturis
1644 4688 1816 4774 quod
1847 4706 2021 4769 cum,
2066 4686 2424 4755 secundum
2468 4681 2641 4756 ordi-
