3485 5571
1393 680 1468 689 —
1511 644 1751 708 365—

443 789 601 838 num
641 769 812 840 leodi
852 767 1023 841 dicte
1068 782 1263 856 terre,
1301 772 1543 842 dictam
1582 769 2015 843 venditionem
2062 775 2425 858 voluerunt,
2478 776 2701 847 lauda-

439 895 669 954 verunt
709 896 773 954 et
812 897 1302 970 concesserunt,
1361 898 1425 957 et
1467 888 1715 958 dictum
1755 888 2016 959 feodum
2058 901 2366 979 quantum
2413 887 2697 978 pertinet

440 998 520 1070 ad
563 996 803 1069 dictam
842 999 1158 1069 decimam
1215 997 1847 1071 admortificaverunt
1900 1013 1964 1073 et
2002 1003 2300 1074 eamdem
2337 1002 2693 1074 admortifi-

440 1109 767 1183 cationem
826 1110 1256 1205 promiserunt
1295 1135 1408 1206 per
1459 1115 1650 1185 fidem
1695 1137 1879 1187 suam
1919 1138 2114 1207 super
2172 1119 2295 1188 hoc
2331 1115 2697 1209 specialiter

438 1222 506 1295 in
546 1249 741 1296 manu
782 1239 1000 1299 nostra
1036 1230 1369 1318 prestitam
1395 1250 1467 1300 se
1488 1226 1554 1298 in
1591 1242 1971 1321 perpetuum
2006 1233 2458 1302 observaturos
2490 1243 2555 1302 et
2583 1253 2694 1321 ga·

438 1338 815 1411 rantituros.
877 1343 948 1411 ln
983 1343 1169 1433 cujus
1206 1340 1298 1413 rei
1341 1341 1722 1415 memoriam
1772 1355 1838 1415 et
1878 1343 2317 1416 testimonium
2359 1357 2696 1436 presentes

440 1452 692 1525 litteras
728 1456 809 1524 ad
865 1452 1358 1544 requisitionem
1398 1458 1672 1547 partium
1725 1455 1939 1548 sigillo
1998 1457 2478 1530 Aurelianensis
2517 1456 2694 1530 curie

442 1565 717 1638 fecimus
757 1566 1047 1659 sigillari.
1091 1572 1320 1640 Datum
1351 1593 1521 1641 anno
1550 1568 1807 1642 Domini
1849 1570 2197 1644 millesimo
2247 1573 2695 1645 ducentesimo

444 1680 943 1772 quadragesimo
985 1681 1208 1767 tercio,
1239 1706 1465 1757 mense
1502 1684 1758 1757 martio.

1435 2033 1712 2095 CCLXXI

1413 2309 1563 2371 Juin
1601 2308 1759 2371 1244

757 2562 992 2617 Etienne
1022 2561 1290 2618 Bouviers
1318 2577 1380 2617 se
1419 2562 1708 2617 reconnait
1732 2560 1856 2617 serf
1878 2560 1948 2617 de
1972 2560 2368 2618 Sainte-Croix.

927 2665 1139 2778 (orig.
1190 2723 1239 2762 s.
1269 2706 1462 2778 paren.
1497 2706 1668 2761 arch.
1706 2705 1782 2761 du
1812 2705 2022 2776 mitet,
2066 2706 2182 2775 G.).

537 2947 896 3040 Philippus,
959 2946 1167 3019 divina
1204 2947 1629 3040 permissione
1669 2944 2088 3019 Bituricensis
2138 2943 2691 3037 archiepiscopus,

443 3062 785 3155 Aquitanie
813 3061 1072 3155 primaS,
1105 3064 1408 3133 omnibus
1440 3074 1774 3153 presentes
1814 3060 2058 3132 litteras
2084 3063 2488 3152 inspecturis
2522 3063 2693 3130 salu-

445 3193 579 3252 tem
619 3177 681 3248 in
734 3175 1033 3249 Domino.
1071 3175 1382 3248 Noveritis
1421 3179 1590 3267 quod
1630 3174 2022 3248 constitutus
2062 3178 2131 3245 in
2169 3174 2495 3267 presentia
2539 3196 2694 3245 nos·

445 3306 544 3363 tra
601 3295 964 3382 Stephanus
1004 3290 1214 3363 dictus
1254 3293 1541 3362 Bouers¹
1589 3289 1961 3381 recognovit
2001 3311 2213 3361 coram
2275 3290 2467 3359 nobis
2520 3289 2693 3379 quod

443 3406 588 3499 ipse
627 3420 761 3477 erat
791 3407 984 3477 homo
1022 3407 1102 3477 de
1142 3428 1409 3496 corpore
1438 3405 1713 3477 ecclesie
1748 3408 1980 3475 Sancte
2010 3402 2233 3475 Crucis
2275 3401 2693 3474 Aurelianen-

447 3523 544 3592 sis
584 3535 649 3591 et
684 3522 856 3611 quod
896 3518 1068 3591 aliud
1108 3519 1468 3590 dominium
1501 3541 1628 3590 non
1667 3520 2085 3591 advocaverat
2115 3540 2235 3589 nec
2276 3516 2449 3588 aliud
2490 3519 2680 3588 advo-

452 3638 666 3707 cabat.
730 3637 930 3727 Hujus
969 3636 1063 3706 rei
1121 3649 1274 3705 sunt
1317 3647 1519 3706 testes
1557 3632 1863 3724 magister
1903 3636 2207 3704 Radulfus
2277 3635 2356 3703 de
2399 3635 2699 3703 Carento-

448 3748 586 3833 nio,
629 3748 979 3821 canonicus
1033 3747 1481 3833 Bituricensis‚
1546 3746 1854 3839 magister
1917 3751 2285 3832 AnselmuS‚
2345 3744 2699 3817 canonicus

451 3867 671 3934 Sancti
727 3862 936 3935 Ursini
991 3862 1438 3946 Bituricensis‚
1502 3860 1639 3932 Gilo
1691 3863 1772 3933 de
1815 3865 2128 3952 Rogereto
2176 3876 2242 3933 et
2306 3864 2376 3932 P.
2443 3863 2524 3931 de
2560 3865 2697 3931 Au·

453 3981 702 4061 troche‚
747 3976 1010 4059 milites,
1039 3979 1407 4047 Blondellus
1427 3989 1491 4048 et
1517 3975 1901 4047 Guillermus
1934 3973 2001 4045 Li
2037 3977 2381 4061 CodurerS,
2414 3974 2697 4045 servien-

454 4102 556 4164 tes
586 4090 813 4163 nostri.
854 4095 925 4163 ln
987 4092 1173 4182 cujus
1220 4094 1315 4161 rei
1359 4088 1733 4162 memoriam
1773 4103 1838 4161 et
1876 4088 2322 4162 testimonium
2357 4101 2694 4180 presentes

452 4206 698 4278 litteras
745 4204 932 4297 sigilli
998 4204 1196 4277 nostri
1258 4204 1611 4278 munimine
1652 4202 1949 4277 duximus
1997 4205 2419 4276 roborandas.
2461 4207 2696 4274 Datum

451 4343 619 4392 anno
658 4318 913 4392 Domini
947 4321 1205 4391 MCCXL
1242 4332 1492 4410 quarto,
1536 4322 1992 4410 mensejunio.

520 4684 538 4718 ¹
579 4682 674 4738 Au
701 4682 805 4738 dos
835 4697 850 4739 t
877 4682 1164 4741 Bouviers.
