3485 5571
1796 618 2036 683 —386
2080 652 2157 665 —

847 768 920 820 ex
951 747 1170 830 altera,
1215 768 1408 836 super
1450 744 1736 816 articulis
1774 745 1882 839 qui
1917 759 2250 828 secuntur,
2296 749 2600 818 videlicet
2644 749 2817 838 quod
2874 747 3074 820 dictus

847 858 1033 929 miles
1073 859 1425 930 verberavit
1453 859 1708 931 Petrum'
1738 859 2094 940 Juniorem,
2138 859 2467 931 hominem
2502 874 2793 933 nostrum
2832 863 2898 932 in
2922 875 3080 936 terra

841 974 1012 1063 apud
1051 971 1277 1043 Villam
1303 971 1458 1043 Galli
1494 971 1640 1057 sita,
1671 971 1734 1043 in
1772 997 1895 1064 qua
1935 996 2056 1043 nos
2082 976 2396 1045 habemus
2424 972 3078 1064 omnimodamjuris-

841 1083 1217 1168 dictionem,
1256 1089 1709 1177 etjumentum
1739 1089 2032 1179 ejusdem
2071 1086 2355 1159 hominis
2403 1087 2576 1178 cepit
2613 1103 2675 1158 et
2716 1086 2976 1158 abduxit
3019 1088 3077 1157 in

842 1202 1091 1280 eadem,
1133 1215 1199 1271 et
1236 1213 1492 1291 captum
1524 1200 1730 1274 tenuit
1762 1216 2052 1292 tempore
2089 1201 2372 1292 augusti,
2414 1215 2479 1274 et
2531 1201 2680 1274 ideo
2718 1214 3077 1293 peteremus

841 1312 1077 1384 dictam
1117 1313 1412 1405 injuriam
1454 1317 1643 1386 nobis
1681 1313 2011 1387 emendari
2046 1337 2080 1386 a
2113 1313 2314 1387 milite
2352 1318 2723 1406 supradicto
2762 1338 2969 1407 nsque
3004 1318 3076 1386 ad

840 1441 1099 1498 centum
1132 1426 1349 1511 libras,
1393 1441 1458 1500 et
1480 1451 1795 1519 expensas
1825 1431 1974 1500 inde
2002 1432 2202 1501 factas
2222 1451 2340 1521 pro
2378 1431 2743 1502 rehabendo
2783 1428 2961 1501 dicto
2981 1431 3078 1520 ju-

842 1554 1060 1612 mento
1102 1564 1214 1633 per
1266 1542 1568 1615 ballivum
1610 1541 2137 1616 Aurelianensem
2177 1554 2242 1614 et
2295 1545 2570 1635 dampna
2609 1541 2840 1615 exinde
2879 1542 3088 1616 habita

838 1656 1031 1727 nobis
1091 1655 1341 1727 refundi
1393 1680 1428 1729 a
1488 1658 1662 1730 dicto
1705 1656 1906 1729 milite
1965 1656 2263 1729 similiter
2312 1671 2678 1748 peteremus
2740 1680 2955 1747 usque
3013 1659 3086 1728 ad

840 1772 1167 1863 sexaginta
1208 1772 1427 1857 libras,
1474 1785 1843 1861 peteremus
1873 1773 2067 1844 etiam
2099 1770 2291 1843 nobis
2318 1770 2568 1844 restitui
2610 1770 3090 1864 possessionem

836 1883 1036 1978 partis
1076 1886 1416 1976 cujusdam
1467 1898 1634 1957 terre
1673 1907 1863 1978 quam
1906 1888 2120 1957 dictus
2170 1884 2354 1957 miles
2385 1885 2720 1977 occupavit
2755 1900 2821 1957 et
2871 1909 3086 1956 muros

837 2022 1001 2089 quos
1037 2001 1128 2070 ibi
1157 1996 1289 2070 fieri
1317 1997 1467 2070 fecit
1488 1997 1552 2068 in
1581 1997 2010 2091 prejudicium
2040 2013 2331 2070 nostrum
2361 1998 2679 2085 demoliri,
2725 2010 3091 2091 peteremus

835 2112 1027 2185 etiam
1067 2115 1240 2204 quod
1281 2113 1625 2184 desisteret
1660 2136 1695 2183 a
1751 2113 2229 2204 perturbatione
2265 2126 2330 2185 et
2368 2111 2829 2206 impedimento
2874 2116 3087 2204 cujus-

836 2230 981 2298 dam
1011 2226 1239 2299 semite
1269 2249 1395 2317 que
1426 2229 1592 2298 solet
1621 2249 1769 2299 esse
1823 2226 1887 2298 in
1941 2240 2108 2299 terra
2149 2226 2400 2319 propria
2440 2229 2733 2317 ejusdem
2774 2227 2999 2299 militis
3030 2242 3092 2298 et

838 2342 1089 2412 extendi
1134 2365 1169 2412 a
1203 2343 1348 2411 villa
1389 2363 1596 2433 usque
1636 2344 1712 2412 ad
1747 2364 2001 2434 aquam,
2047 2340 2130 2414 ita
2162 2344 2334 2434 quod
2363 2364 2483 2412 nos
2522 2356 2588 2414 et
2623 2340 2917 2433 hospites
2945 2365 3084 2412 nos·

842 2458 920 2527 tri
962 2454 1214 2548 possint
1246 2458 1447 2527 libere
1488 2455 1577 2526 nti
1626 2454 1854 2526 semita
1896 2454 2262 2548 supradicta
2312 2469 2499 2548 prout
2556 2458 2792 2539 solent,
2833 2471 3080 2548 petere-

837 2593 982 2641 mus
1045 2569 1235 2640 etiam
1267 2572 1439 2661 quod
1486 2593 1615 2640 non
1673 2574 2000 2661 ingereret
2038 2593 2108 2640 se
2147 2573 2226 2640 ad
2282 2569 2737 2662 campipartem
2778 2592 2931 2642 cum
2971 2593 3088 2641 nos

840 2684 938 2756 usi
969 2683 1274 2755 fuerimus
1318 2683 1708 2775 campiparte
1748 2683 1889 2755 sine
1933 2686 2078 2776 ipso
2132 2697 2196 2757 et
2247 2687 2387 2775 ejus
2428 2683 2680 2768 nuntio,
2724 2698 3088 2774 peteremus

835 2800 1026 2872 etiam
1083 2802 1257 2893 quod
1315 2802 1635 2893 quandam
1676 2814 1923 2891 partem
1975 2812 2367 2871 retractuum
2423 2821 2587 2890 aque
2638 2822 2827 2891 quam
2867 2815 3085 2871 contra

837 2914 1288 2985 inhibitionem
1330 2927 1612 2984 nostram
1644 2915 1799 2984 secit
1829 2912 2058 2995 excoli,
2105 2912 2411 2985 seminari
2450 2926 2514 2983 et
2549 2915 2807 2987 bladum
2830 2916 3090 3004 abspor-

835 3029 977 3112 tari,
1021 3031 1100 3099 de
1152 3030 1336 3118 cujus
1394 3041 1569 3118 parte
1619 3038 1934 3098 retractus
1999 3028 2238 3096 suimus
2307 3026 2371 3094 in
2408 3024 2849 3115 possessione,
2899 3025 3083 3096 nobis

834 3142 1200 3213 restitueret
1248 3156 1310 3212 et
1363 3143 1758 3212 emendaret.
1803 3141 2085 3210 Tandem
2129 3163 2249 3210 nos
2289 3152 2354 3209 et
2402 3137 2613 3210 dictus
2667 3138 2855 3210 miles
2897 3160 3084 3230 super

834 3254 1024 3326 dictis
1063 3254 1588 3327 contentionibus
1627 3252 2192 3344 compromisimus
2229 3252 2293 3322 in
2342 3251 2591 3323 nobiles
2624 3254 2791 3323 viros
2822 3257 3084 3343 Stepha-

835 3396 987 3441 num
1049 3374 1128 3443 de
1186 3374 1442 3441 Cultura
1498 3384 1560 3441 et
1601 3373 2012 3441 Guillelmum
2074 3368 2438 3452 Manicardi,
2493 3368 2757 3452 milites,
2824 3367 3085 3460 promit·

835 3500 1046 3556 tentes
1087 3489 1206 3555 sub
1265 3508 1427 3576 pena
1496 3482 1753 3575 triginta
1798 3482 2102 3554 librarum
2148 3481 2602 3573 parisiensium
2645 3480 2951 3554 hincinde
2984 3505 3088 3572 ap·

836 3600 1040 3690 posita
1065 3613 1131 3670 et
1170 3622 1282 3691 per
1322 3603 1513 3669 fldem
1554 3622 1588 3670 a
1621 3600 1796 3669 dicto
1838 3601 2119 3668 Huberto
2142 3596 2471 3687 prestitam
2514 3600 2914 3686 corporalem
2961 3616 3076 3666 nos

835 3717 1291 3785 observaturos
1332 3711 1643 3805 quicquid
1671 3710 1823 3782 dicti
1857 3714 2221 3801 Stephanus
2247 3727 2312 3782 et
2349 3714 2739 3781 Guillermus
2769 3712 2849 3781 de
2896 3708 3084 3780 dictis

836 3826 1363 3899 contentionibus
1426 3849 1583 3917 pace
1645 3828 1740 3897 vel
1790 3824 2036 3916 judicio
2115 3823 2411 3895 duxerint
2468 3826 2927 3908 ordinandum,
2989 3825 3084 3894 vel

833 3940 1140 4033 quicquid
1208 3940 1508 4013 dominns
1568 3938 1907 4030 Philippus
1972 3941 2054 4012 de
2118 3937 2452 4023 Marviller,
2519 3940 2801 4029 desuper
2843 3941 3084 4011 electus

839 4079 1033 4147 super
1081 4055 1413 4147 predictis,
1489 4056 1740 4125 duxerit
1816 4055 2252 4124 ordinandum
2310 4052 2365 4123 si
2407 4052 2619 4124 dictos
2692 4056 3081 4144 Stephanum

836 4187 900 4245 et
973 4172 1388 4243 Guillermum
1455 4169 1520 4240 in
1610 4170 1997 4261 proferendo
2058 4168 2230 4239 dicto
2305 4191 2424 4239 suo
2507 4190 2703 4259 super
2781 4165 3080 4257 predictis

833 4286 1177 4378 contigerit
1259 4284 1654 4359 discordare.
1752 4280 2194 4355 Promittimus
2281 4280 2473 4353 etiam
2563 4304 2687 4353 nos
2762 4284 3082 4355 soluturos

830 4401 1067 4472 dictam
1134 4423 1363 4491 penam
1444 4402 1686 4491 prefato
1772 4400 2051 4469 Huberto
2137 4395 2190 4467 si
2264 4394 2610 4487 contigerit
2687 4418 2807 4467 nos
2869 4393 3077 4466 venire

827 4529 1047 4587 contra
1091 4514 1332 4586 dictum
1398 4512 1940 4603 compromissum
1995 4511 2355 4603 ;promisit
2422 4522 2637 4581 autem
2695 4508 2883 4579 nobis
2949 4506 3080 4579 dic·

825 4644 929 4701 tus
983 4631 1304 4700 Hubertus
1353 4650 1424 4699 se
1467 4630 1828 4699 soluturum
1881 4624 2069 4697 nobis
2118 4624 2355 4695 dictam
2405 4647 2639 4715 penam
2694 4622 2948 4714 triginta
3007 4620 3075 4690 li·
