3485 5571
1768 617 2129 694 -378-

1750 996 2151 1059 ccbxxxnt

1735 1296 1999 1370 Fevrier
2037 1295 2197 1378 1248,

825 1548 1075 1620 Aubour,
1121 1547 1389 1624 mairesse
1440 1547 1706 1619 d’Ormoy
1749 1563 1893 1618 pour
1950 1547 2350 1618 &inte-croix,
2403 1564 2614 1628 engage
2653 1549 2687 1610 a
2735 1548 2956 1610 temere
2999 1563 3068 1610 an

893 1645 1141 1726 chapitre
1179 1661 1242 1700 sa
1267 1645 1484 1713 mairie,
1535 1645 1666 1700 saus
1693 1644 1926 1700 Dhuilet
1966 1648 2018 1699 et
2059 1642 2141 1716 ies
2170 1644 2421 1714 censives
2448 1643 2519 1701 de
2571 1646 2624 1720 ia
2664 1644 2887 1716 Juines,
2929 1659 3070 1718 pour

899 1738 1004 1796 120
1040 1739 1207 1795 livres
1235 1739 1457 1826 parisis.

1241 1883 1419 1956 (orig.
1449 1902 1494 1946 s.
1528 1884 1719 1966 parch.
1754 1883 1923 1946 Arch.
1957 1882 2034 1940 du
2062 1883 2268 1958 Loiret‚
2301 1884 2365 1940 G.
2389 1883 2499 1940 350
2527 1883 2657 1952 bis.)

915 2113 1233 2192 Omnibus
1283 2122 1622 2206 presentes
1671 2115 1924 2192 litteras
1992 2113 2385 2204 inspecturis
2430 2115 2740 2206 magister
2818 2118 3067 2205 Petrus,

824 2227 1116 2302 officialis
1155 2227 1331 2308 curie
1364 2225 1786 2316 Senouensis,
1818 2230 1885 2304 in
1911 2227 2187 2302 Domino
2226 2231 2525 2302 salutem.
2565 2228 2883 2302 Noveritis
2922 2227 3063 2298 uui·

827 2339 991 2426 versi
1022 2343 1192 2432 quod
1254 2342 1317 2411 in
1361 2355 1575 2414 nostra
1625 2340 1947 2433 presentia
2014 2344 2365 2428 constituta
2411 2342 2669 2420 domina
2726 2343 3062 2433 Auburgis,

827 2454 1159 2546 majorissa
1193 2457 1273 2546 de
1316 2455 1584 2542 Ulmeio,
1630 2459 1929 2536 contessa
1970 2469 2070 2534 cst
2108 2479 2325 2532 coram
2385 2458 2574 2538 nobis
2632 2478 2704 2528 se
2746 2460 3064 2550 obligasse

825 2583 1079 2658 mortuo
1117 2568 1370 2661 pignori
1413 2569 1742 2660 maior-iam
1804 2592 1985 2646 suam
2042 2572 2124 2646 de
2187 2569 2432 2652 Ulmeio
2491 2569 2553 2648 iu
2614 2584 2781 2652 terra
2846 2575 3070 2646 Sancte

828 2682 1048 2768 Crucis
1087 2681 1563 2762 Aurelianensis
1589 2694 1654 2755 et
1683 2682 1897 2774 omnia
1933 2686 2011 2755 ad
2042 2687 2313 2756 eandem
2371 2682 2702 2775 majoriam
2744 2684 3065 2778 pertinen-

827 2797 937 2883 tia,
981 2796 1261 2889 exceptis
1294 2810 1457 2877 terra
1497 2800 1577 2879 de
1614 2800 1882 2873 Doeieto
1920 2812 1986 2870 et
2023 2796 2301 2873 censivis
2355 2821 2481 2892 que
2520 2812 2672 2883 suut
2732 2798 2797 2869 in
2848 2798 3063 2892 riparia

826 2915 906 2985 de
950 2911 1185 2997 Juinie,
1230 2910 1703 3001 venerabilibus
1742 2910 1893 2993 viris
1925 2914 2170 2991 decano
2206 2927 2270 2984 et
2298 2911 2576 3006 capitulo
2605 2910 3068 3005 Aurelianensi-

828 3030 947 3107 bus
988 3049 1101 3118 pro
1132 3039 1392 3103 centum
1417 3038 1481 3099 et
1512 3024 1730 3116 viginti
1771 3023 1947 3101 libris
1979 3025 2461 3119 parisiensium,
2505 3049 2696 3120 quam
2738 3027 3060 3119 maioriatn

830 3155 1004 3223 tenet
1042 3142 1105 3219 in
1141 3142 1426 3224 (eodum,
1469 3153 1538 3213 ut
1557 3139 1737 3225 dicit,
1772 3163 1808 3219 a
1840 3143 2086 3221 decano
2111 3154 2176 3213 et
2214 3143 2499 3233 capitulo
2530 3140 2948 3234 supradictis,
2990 3143 3063 3213 dc

830 3254 1212 3345 patrimonio
1250 3276 1369 3331 suo
1407 3268 1801 3337 moventem,
1843 3257 1924 3333 de
1980 3278 2104 3345 qua
2154 3256 2423 3347 pecunia
2477 3277 2547 3328 se
2584 3254 2790 3329 tenuit
2856 3277 3064 3347 coram

829 3371 1018 3449 nobis
1049 3367 1325 3451 totaliter
1355 3391 1470 3460 pro
1511 3381 1758 3459 pagata.
1791 3367 2263 3460 obligationem
2295 3368 2498 3462 ipsam
2554 3371 2918 3461 voluerunt,
2958 3391 3064 3460 ap-

828 3486 1258 3574 probaverunt
1294 3496 1357 3554 et
1387 3495 1897 3563 consens-serunt
1935 3481 2045 3559 filii
2101 3485 2239 3574 eJus
2293 3497 2358 3559 et
2409 3484 2712 3576 heredes,
2780 3483 3073 3575 videlicet

831 3598 1250 3687 Reginaldu8‚
1290 3592 1505 3685 miles,
1560 3593 1732 3687 prior
1780 3608 1932 3677 natu
1973 3610 2037 3673 et
2087 3600 2312 3681 Petrus
2352 3595 2652 3689 armiger,
2704 3597 3074 3687 promittent*-

832 3722 1080 3780 testam
1124 3723 1327 3780 mater
1356 3730 1548 3800 quam
1579 3708 1689 3779 filii
1741 3731 1853 3800 per
1905 3712 2093 3789 fidem
2129 3732 2164 3787 a
2204 3708 2476 3802 singulis
2514 3733 2740 3787 eorum
2779 3712 2846 3787 iu
2887 3733 3071 3787 manu

832 3836 1049 3893 nostra
1091 3821 1417 3913 prestitam
1434 3824 1605 3912 quod
1635 3836 1857 3894 contra
1897 3822 2086 3894 istam
2119 3823 2578 3916 obligationem
2611 3824 2830 3897 venire
2874 3827 3074 3895 uuila—

833 3950 1021 4008 teuus
1051 3940 1522 4026 attemptabant
1560 3959 1682 4023 nec
1702 3941 2162 4028 quoquomodo
2202 3939 2412 4010 dictos
2437 3941 2759 4010 decanum
2802 3953 2867 4011 et
2899 3940 3075 4031 capi·

832 4051 1034 4119 tulum
1065 4047 1408 4121 occasione
1474 4050 1840 4141 hujusmodi
1883 4052 2173 4143 pignoris
2224 4054 2658 4123 molestabunt
2702 4074 2824 4123 nec
2857 4074 3074 4143 procu·

832 4166 1066 4234 rabunt
1103 4161 1455 4247 molestari,
1498 4162 1673 4233 inmo
1703 4167 1993 4236 eamdem
2037 4164 2500 4256 obligationem
2541 4166 2637 4236 sic
2684 4168 2919 4236 tactam
2979 4167 3072 4237 eis

834 4273 1229 4366 garantisent
1270 4288 1496 4345 contra
1533 4298 1761 4347 omnes
1792 4290 2013 4349 contra
2043 4300 2207 4368 quos
2246 4280 2483 4361 debent
2522 4279 2869 4369 garantire.
2938 4280 3077 4350 Nul-

835 4392 964 4458 lum
1005 4389 1197 4459 etiam
1239 4388 1584 4460 servicium
1619 4388 1850 4460 sacient
1890 4390 2169 4481 capitulo
2201 4415 2314 4482 pro
2345 4393 2518 4463 dicto
2553 4394 2740 4463 feodo
2782 4394 2938 4463 dum
2979 4389 3068 4483 pi-

836 4525 1000 4591 gnus
1076 4500 1351 4585 durabit,
1415 4501 1590 4571 inmo
1628 4505 1708 4572 ab
1749 4501 1951 4595 ipsius
1990 4504 2158 4575 ieodi
2199 4503 2475 4589 servicio
2505 4506 2775 4575 durante
2808 4507 3070 4597 pignore

835 4618 1256 4701 remanebunt
1279 4613 1603 4702 inmunes.
1641 4615 2079 4697 Promiseruut
2119 4619 2383 4727 iusuper
2446 4621 2614 4711 quod
2661 4619 2900 4727 pignus
2931 4639 3075 4721 pre-
