<?xml version="1.0" encoding="UTF-8"?>
<!DOCTYPE html PUBLIC "-//W3C//DTD XHTML 1.0 Transitional//EN"
    "http://www.w3.org/TR/xhtml1/DTD/xhtml1-transitional.dtd">
<html xmlns="http://www.w3.org/1999/xhtml" xml:lang="en" lang="en">
 <head>
  <title>
</title>
<meta http-equiv="Content-Type" content="text/html;charset=utf-8" />
  <meta name='ocr-system' content='tesseract 3.04.00' />
  <meta name='ocr-capabilities' content='ocr_page ocr_carea ocr_par ocr_line ocrx_word'/>
</head>
<body>
  <div class='ocr_page' id='page_1' title='image "./cartulairedesai00thilgoog_0621.png"; bbox 0 0 3485 5571; ppageno 0'>
   <div class='ocr_carea' id='block_1_1' title="bbox 1374 624 1733 687">
    <p class='ocr_par' dir='ltr' id='par_1_1' title="bbox 1374 624 1733 687">
     <span class='ocr_line' id='line_1_1' title="bbox 1374 624 1733 687; baseline -0.003 -16"><span class='ocrx_word' id='word_1_1' title='bbox 1374 624 1733 687; x_wconf 80' lang='lat'>...439-</span> 
     </span>
    </p>
   </div>
   <div class='ocr_carea' id='block_1_2' title="bbox 1386 904 1715 968">
    <p class='ocr_par' dir='ltr' id='par_1_2' title="bbox 1386 904 1715 968">
     <span class='ocr_line' id='line_1_2' title="bbox 1386 904 1715 968; baseline -0.006 0"><span class='ocrx_word' id='word_1_2' title='bbox 1386 904 1715 968; x_wconf 83' lang='lat' dir='ltr'>CCCXXVI</span> 
     </span>
    </p>
   </div>
   <div class='ocr_carea' id='block_1_3' title="bbox 1350 1133 1757 1196">
    <p class='ocr_par' dir='ltr' id='par_1_3' title="bbox 1350 1133 1757 1196">
     <span class='ocr_line' id='line_1_3' title="bbox 1350 1133 1757 1196; baseline -0.002 -1"><span class='ocrx_word' id='word_1_3' title='bbox 1350 1133 1391 1195; x_wconf 81' lang='lat'>9</span> <span class='ocrx_word' id='word_1_4' title='bbox 1436 1134 1565 1194; x_wconf 89' lang='lat' dir='ltr'>mai</span> <span class='ocrx_word' id='word_1_5' title='bbox 1599 1133 1757 1196; x_wconf 78' lang='lat'>1275</span> 
     </span>
    </p>
   </div>
   <div class='ocr_carea' id='block_1_4' title="bbox 412 1328 2682 1692">
    <p class='ocr_par' dir='ltr' id='par_1_4' title="bbox 412 1328 2682 1598">
     <span class='ocr_line' id='line_1_4' title="bbox 412 1328 2680 1405; baseline 0 -18"><span class='ocrx_word' id='word_1_6' title='bbox 412 1332 612 1389; x_wconf 86' lang='lat' dir='ltr'>Vente</span> <span class='ocrx_word' id='word_1_7' title='bbox 641 1349 712 1389; x_wconf 79' lang='lat' dir='ltr'>au</span> <span class='ocrx_word' id='word_1_8' title='bbox 754 1331 1001 1405; x_wconf 82' lang='lat' dir='ltr'>chapitre</span> <span class='ocrx_word' id='word_1_9' title='bbox 1049 1347 1153 1403; x_wconf 78' lang='lat' dir='ltr'>par</span> <span class='ocrx_word' id='word_1_10' title='bbox 1180 1331 1438 1402; x_wconf 75' lang='lat' dir='ltr'>Geoffroy</span> <span class='ocrx_word' id='word_1_11' title='bbox 1480 1329 1556 1386; x_wconf 87' lang='lat' dir='ltr'>du</span> <span class='ocrx_word' id='word_1_12' title='bbox 1594 1330 1993 1401; x_wconf 75' lang='lat' dir='ltr'>Mesnilgiraud</span> <span class='ocrx_word' id='word_1_13' title='bbox 2039 1330 2110 1386; x_wconf 84' lang='lat' dir='ltr'>de</span> <span class='ocrx_word' id='word_1_14' title='bbox 2139 1330 2171 1385; x_wconf 86' lang='lat'>7</span> <span class='ocrx_word' id='word_1_15' title='bbox 2204 1336 2428 1403; x_wconf 81' lang='lat' dir='ltr'>arpents</span> <span class='ocrx_word' id='word_1_16' title='bbox 2457 1331 2527 1386; x_wconf 85' lang='lat' dir='ltr'>de</span> <span class='ocrx_word' id='word_1_17' title='bbox 2556 1328 2680 1387; x_wconf 87' lang='lat' dir='ltr'>bois</span> 
     </span>
     <span class='ocr_line' id='line_1_5' title="bbox 492 1427 2682 1499; baseline 0 -15"><span class='ocrx_word' id='word_1_18' title='bbox 492 1428 656 1485; x_wconf 82' lang='lat' dir='ltr'>audit</span> <span class='ocrx_word' id='word_1_19' title='bbox 699 1429 833 1497; x_wconf 86' lang='lat' dir='ltr'>lieu,</span> <span class='ocrx_word' id='word_1_20' title='bbox 877 1428 950 1483; x_wconf 86' lang='lat'>15</span> <span class='ocrx_word' id='word_1_21' title='bbox 976 1444 1113 1485; x_wconf 83' lang='lat' dir='ltr'>sous</span> <span class='ocrx_word' id='word_1_22' title='bbox 1160 1427 1229 1482; x_wconf 89' lang='lat' dir='ltr'>de</span> <span class='ocrx_word' id='word_1_23' title='bbox 1268 1443 1400 1483; x_wconf 90' lang='lat' dir='ltr'>cens</span> <span class='ocrx_word' id='word_1_24' title='bbox 1437 1433 1491 1484; x_wconf 84' lang='lat' dir='ltr'>et</span> <span class='ocrx_word' id='word_1_25' title='bbox 1538 1442 1650 1483; x_wconf 83' lang='lat' dir='ltr'>une</span> <span class='ocrx_word' id='word_1_26' title='bbox 1702 1427 1908 1499; x_wconf 73' lang='lat' dir='ltr'>geline,</span> <span class='ocrx_word' id='word_1_27' title='bbox 1950 1428 2004 1483; x_wconf 88' lang='lat' dir='ltr'>le</span> <span class='ocrx_word' id='word_1_28' title='bbox 2034 1432 2149 1483; x_wconf 85' lang='lat' dir='ltr'>toul</span> <span class='ocrx_word' id='word_1_29' title='bbox 2205 1444 2348 1499; x_wconf 86' lang='lat' dir='ltr'>pour</span> <span class='ocrx_word' id='word_1_30' title='bbox 2398 1429 2471 1485; x_wconf 80' lang='lat'>40</span> <span class='ocrx_word' id='word_1_31' title='bbox 2514 1428 2682 1485; x_wconf 85' lang='lat' dir='ltr'>livres</span> 
     </span>
     <span class='ocr_line' id='line_1_6' title="bbox 490 1526 722 1598; baseline 0 -18"><span class='ocrx_word' id='word_1_32' title='bbox 490 1526 722 1598; x_wconf 85' lang='lat' dir='ltr'>parisis.</span> 
     </span>
    </p>

    <p class='ocr_par' dir='ltr' id='par_1_5' title="bbox 882 1620 2226 1692">
     <span class='ocr_line' id='line_1_7' title="bbox 882 1620 2226 1692; baseline 0.001 -15"><span class='ocrx_word' id='word_1_33' title='bbox 882 1620 1055 1691; x_wconf 83' lang='lat' dir='ltr'>(Orig.</span> <span class='ocrx_word' id='word_1_34' title='bbox 1089 1638 1135 1677; x_wconf 88' lang='lat' dir='ltr'>s.</span> <span class='ocrx_word' id='word_1_35' title='bbox 1170 1621 1361 1692; x_wconf 87' lang='lat' dir='ltr'>parch.</span> <span class='ocrx_word' id='word_1_36' title='bbox 1394 1621 1566 1676; x_wconf 83' lang='lat' dir='ltr'>Arch.</span> <span class='ocrx_word' id='word_1_37' title='bbox 1600 1620 1677 1676; x_wconf 90' lang='lat' dir='ltr'>du</span> <span class='ocrx_word' id='word_1_38' title='bbox 1713 1621 1920 1691; x_wconf 88' lang='lat' dir='ltr'>Loiret‚</span> <span class='ocrx_word' id='word_1_39' title='bbox 1964 1622 2030 1676; x_wconf 89' lang='lat' dir='ltr'>G.</span> <span class='ocrx_word' id='word_1_40' title='bbox 2074 1620 2226 1691; x_wconf 85' lang='lat'>350).</span> 
     </span>
    </p>
   </div>
   <div class='ocr_carea' id='block_1_5' title="bbox 414 1740 2685 2101">
    <p class='ocr_par' dir='ltr' id='par_1_6' title="bbox 414 1740 2685 2101">
     <span class='ocr_line' id='line_1_8' title="bbox 520 1740 2685 1878; baseline 0 -23"><span class='ocrx_word' id='word_1_41' title='bbox 520 1740 846 1856; x_wconf 83' lang='lat' dir='ltr'>Omnibus</span> <span class='ocrx_word' id='word_1_42' title='bbox 892 1798 1227 1875; x_wconf 81' lang='lat' dir='ltr'><strong>presentes</strong></span> <span class='ocrx_word' id='word_1_43' title='bbox 1282 1784 1528 1855; x_wconf 74' lang='lat' dir='ltr'>litteras</span> <span class='ocrx_word' id='word_1_44' title='bbox 1581 1783 1973 1875; x_wconf 89' lang='lat' dir='ltr'>inspecturis</span> <span class='ocrx_word' id='word_1_45' title='bbox 2022 1782 2337 1878; x_wconf 79' lang='lat' dir='ltr'>philipus,</span> <span class='ocrx_word' id='word_1_46' title='bbox 2397 1787 2685 1856; x_wconf 83' lang='lat' dir='ltr'>decanus</span> 
     </span>
     <span class='ocr_line' id='line_1_9' title="bbox 414 1896 2682 1991; baseline 0 -21"><span class='ocrx_word' id='word_1_47' title='bbox 414 1896 918 1973; x_wconf 76' lang='lat' dir='ltr'>christianitatis</span> <span class='ocrx_word' id='word_1_48' title='bbox 994 1897 1425 1991; x_wconf 87' lang='lat' dir='ltr'>Stampensis,</span> <span class='ocrx_word' id='word_1_49' title='bbox 1506 1900 1808 1970; x_wconf 86' lang='lat' dir='ltr'>salutem.</span> <span class='ocrx_word' id='word_1_50' title='bbox 1877 1901 2115 1970; x_wconf 87' lang='lat' dir='ltr'>Notum</span> <span class='ocrx_word' id='word_1_51' title='bbox 2175 1898 2444 1970; x_wconf 74' lang='lat' dir='ltr'>iacimus</span> <span class='ocrx_word' id='word_1_52' title='bbox 2510 1901 2682 1990; x_wconf 84' lang='lat' dir='ltr'>quod</span> 
     </span>
     <span class='ocr_line' id='line_1_10' title="bbox 416 2010 2685 2101; baseline -0 -16"><span class='ocrx_word' id='word_1_53' title='bbox 416 2035 649 2087; x_wconf 85' lang='lat' dir='ltr'>coram</span> <span class='ocrx_word' id='word_1_54' title='bbox 688 2010 875 2084; x_wconf 91' lang='lat' dir='ltr'>nobis</span> <span class='ocrx_word' id='word_1_55' title='bbox 933 2013 998 2083; x_wconf 90' lang='lat' dir='ltr'>in</span> <span class='ocrx_word' id='word_1_56' title='bbox 1055 2011 1292 2101; x_wconf 69' lang='lat' dir='ltr'>iudicio</span> <span class='ocrx_word' id='word_1_57' title='bbox 1344 2012 1734 2083; x_wconf 87' lang='lat' dir='ltr'>constitutus</span> <span class='ocrx_word' id='word_1_58' title='bbox 1784 2011 2122 2083; x_wconf 81' lang='lat' dir='ltr'>Gaulridus</span> <span class='ocrx_word' id='word_1_59' title='bbox 2173 2012 2386 2084; x_wconf 88' lang='lat' dir='ltr'>dictus</span> <span class='ocrx_word' id='word_1_60' title='bbox 2433 2014 2514 2084; x_wconf 90' lang='lat' dir='ltr'>de</span> <span class='ocrx_word' id='word_1_61' title='bbox 2561 2018 2685 2084; x_wconf 84' lang='lat' dir='ltr'>Me-</span> 
     </span>
    </p>
   </div>
   <div class='ocr_carea' id='block_1_6' title="bbox 396 2132 2690 4739">
    <p class='ocr_par' dir='ltr' id='par_1_7' title="bbox 396 2132 2690 4739">
     <span class='ocr_line' id='line_1_11' title="bbox 414 2132 2683 2225; baseline 0 -20"><span class='ocrx_word' id='word_1_62' title='bbox 414 2133 667 2206; x_wconf 87' lang='lat' dir='ltr'>nelleio</span> <span class='ocrx_word' id='word_1_63' title='bbox 716 2133 999 2218; x_wconf 83' lang='lat' dir='ltr'>Giraudi‚</span> <span class='ocrx_word' id='word_1_64' title='bbox 1037 2136 1340 2219; x_wconf 87' lang='lat' dir='ltr'>clericus,</span> <span class='ocrx_word' id='word_1_65' title='bbox 1378 2134 1752 2225; x_wconf 80' lang='lat' dir='ltr'>recognovit</span> <span class='ocrx_word' id='word_1_66' title='bbox 1790 2156 1861 2204; x_wconf 89' lang='lat' dir='ltr'>se</span> <span class='ocrx_word' id='word_1_67' title='bbox 1905 2132 2272 2205; x_wconf 88' lang='lat' dir='ltr'>vendidisse</span> <span class='ocrx_word' id='word_1_68' title='bbox 2311 2149 2374 2205; x_wconf 90' lang='lat' dir='ltr'>et</span> <span class='ocrx_word' id='word_1_69' title='bbox 2423 2134 2683 2206; x_wconf 90' lang='lat' dir='ltr'>nomine</span> 
     </span>
     <span class='ocr_line' id='line_1_12' title="bbox 415 2247 2684 2341; baseline 0.001 -23"><span class='ocrx_word' id='word_1_70' title='bbox 415 2247 833 2320; x_wconf 81' lang='lat' dir='ltr'>vendicionis</span> <span class='ocrx_word' id='word_1_71' title='bbox 863 2249 1338 2341; x_wconf 81' lang='lat' dir='ltr'>imperpetuum</span> <span class='ocrx_word' id='word_1_72' title='bbox 1371 2247 1722 2338; x_wconf 88' lang='lat' dir='ltr'>quitavisse</span> <span class='ocrx_word' id='word_1_73' title='bbox 1759 2247 2093 2319; x_wconf 92' lang='lat' dir='ltr'>canonicis</span> <span class='ocrx_word' id='word_1_74' title='bbox 2132 2248 2408 2320; x_wconf 82' lang='lat' dir='ltr'>ecclesie</span> <span class='ocrx_word' id='word_1_75' title='bbox 2452 2254 2684 2320; x_wconf 84' lang='lat' dir='ltr'>Sancte</span> 
     </span>
     <span class='ocr_line' id='line_1_13' title="bbox 422 2361 2684 2454; baseline 0 -20"><span class='ocrx_word' id='word_1_76' title='bbox 422 2361 663 2434; x_wconf 84' lang='lat' dir='ltr'>Crucis</span> <span class='ocrx_word' id='word_1_77' title='bbox 716 2361 1194 2434; x_wconf 76' lang='lat' dir='ltr'>Aurelianensis</span> <span class='ocrx_word' id='word_1_78' title='bbox 1239 2376 1488 2453; x_wconf 88' lang='lat' dir='ltr'>septem</span> <span class='ocrx_word' id='word_1_79' title='bbox 1536 2375 1802 2453; x_wconf 75' lang='lat' dir='ltr'>arpenta</span> <span class='ocrx_word' id='word_1_80' title='bbox 1842 2361 2023 2433; x_wconf 86' lang='lat' dir='ltr'>bosci</span> <span class='ocrx_word' id='word_1_81' title='bbox 2062 2361 2185 2433; x_wconf 89' lang='lat' dir='ltr'>sita</span> <span class='ocrx_word' id='word_1_82' title='bbox 2225 2366 2393 2454; x_wconf 89' lang='lat' dir='ltr'>apud</span> <span class='ocrx_word' id='word_1_83' title='bbox 2442 2362 2684 2434; x_wconf 88' lang='lat' dir='ltr'>dictum</span> 
     </span>
     <span class='ocr_line' id='line_1_14' title="bbox 420 2475 2688 2568; baseline 0 -22"><span class='ocrx_word' id='word_1_84' title='bbox 420 2480 678 2559; x_wconf 89' lang='lat' dir='ltr'>locum,</span> <span class='ocrx_word' id='word_1_85' title='bbox 720 2476 1019 2567; x_wconf 81' lang='lat' dir='ltr'>contigua</span> <span class='ocrx_word' id='word_1_86' title='bbox 1058 2500 1134 2548; x_wconf 86' lang='lat' dir='ltr'>ex</span> <span class='ocrx_word' id='word_1_87' title='bbox 1164 2499 1288 2547; x_wconf 88' lang='lat' dir='ltr'>una</span> <span class='ocrx_word' id='word_1_88' title='bbox 1329 2490 1506 2568; x_wconf 87' lang='lat' dir='ltr'>parte</span> <span class='ocrx_word' id='word_1_89' title='bbox 1546 2479 1747 2547; x_wconf 90' lang='lat' dir='ltr'>bosco</span> <span class='ocrx_word' id='word_1_90' title='bbox 1778 2475 2093 2547; x_wconf 89' lang='lat' dir='ltr'>dictorum</span> <span class='ocrx_word' id='word_1_91' title='bbox 2131 2482 2593 2549; x_wconf 90' lang='lat' dir='ltr'>canonicorum</span> <span class='ocrx_word' id='word_1_92' title='bbox 2622 2491 2688 2549; x_wconf 90' lang='lat' dir='ltr'>et</span> 
     </span>
     <span class='ocr_line' id='line_1_15' title="bbox 426 2589 2682 2682; baseline -0 -20"><span class='ocrx_word' id='word_1_93' title='bbox 426 2613 508 2662; x_wconf 84' lang='lat' dir='ltr'>ex</span> <span class='ocrx_word' id='word_1_94' title='bbox 551 2592 750 2662; x_wconf 86' lang='lat' dir='ltr'>altera</span> <span class='ocrx_word' id='word_1_95' title='bbox 786 2604 963 2682; x_wconf 87' lang='lat' dir='ltr'>parte</span> <span class='ocrx_word' id='word_1_96' title='bbox 1008 2594 1207 2662; x_wconf 91' lang='lat' dir='ltr'>bosco</span> <span class='ocrx_word' id='word_1_97' title='bbox 1245 2589 1527 2662; x_wconf 85' lang='lat' dir='ltr'>deluncti</span> <span class='ocrx_word' id='word_1_98' title='bbox 1569 2590 1897 2662; x_wconf 90' lang='lat' dir='ltr'>Guillermi</span> <span class='ocrx_word' id='word_1_99' title='bbox 1947 2590 2100 2661; x_wconf 87' lang='lat' dir='ltr'>dicti</span> <span class='ocrx_word' id='word_1_100' title='bbox 2149 2593 2230 2661; x_wconf 90' lang='lat' dir='ltr'>de</span> <span class='ocrx_word' id='word_1_101' title='bbox 2265 2594 2682 2682; x_wconf 83' lang='lat' dir='ltr'>Menegiraut‚</span> 
     </span>
     <span class='ocr_line' id='line_1_16' title="bbox 424 2703 2690 2797; baseline 0.001 -22"><span class='ocrx_word' id='word_1_102' title='bbox 424 2706 762 2796; x_wconf 89' lang='lat' dir='ltr'>quondam</span> <span class='ocrx_word' id='word_1_103' title='bbox 794 2704 1046 2790; x_wconf 89' lang='lat' dir='ltr'>militis,</span> <span class='ocrx_word' id='word_1_104' title='bbox 1089 2707 1153 2775; x_wconf 90' lang='lat' dir='ltr'>in</span> <span class='ocrx_word' id='word_1_105' title='bbox 1196 2706 1453 2776; x_wconf 86' lang='lat' dir='ltr'>censiva</span> <span class='ocrx_word' id='word_1_106' title='bbox 1496 2703 1813 2776; x_wconf 89' lang='lat' dir='ltr'>dictorum</span> <span class='ocrx_word' id='word_1_107' title='bbox 1844 2703 2327 2776; x_wconf 85' lang='lat' dir='ltr'>canonicorum.</span> <span class='ocrx_word' id='word_1_108' title='bbox 2360 2709 2690 2797; x_wconf 85' lang='lat' dir='ltr'>Recogno-</span> 
     </span>
     <span class='ocr_line' id='line_1_17' title="bbox 422 2818 2687 2911; baseline 0.001 -22"><span class='ocrx_word' id='word_1_109' title='bbox 422 2820 521 2889; x_wconf 90' lang='lat' dir='ltr'>vit</span> <span class='ocrx_word' id='word_1_110' title='bbox 592 2819 783 2891; x_wconf 91' lang='lat' dir='ltr'>etiam</span> <span class='ocrx_word' id='word_1_111' title='bbox 866 2820 1036 2891; x_wconf 88' lang='lat' dir='ltr'>idem</span> <span class='ocrx_word' id='word_1_112' title='bbox 1090 2818 1364 2892; x_wconf 89' lang='lat' dir='ltr'>clericus</span> <span class='ocrx_word' id='word_1_113' title='bbox 1436 2842 1507 2891; x_wconf 89' lang='lat' dir='ltr'>se</span> <span class='ocrx_word' id='word_1_114' title='bbox 1572 2819 1941 2891; x_wconf 89' lang='lat' dir='ltr'>vendidisse</span> <span class='ocrx_word' id='word_1_115' title='bbox 2006 2820 2270 2911; x_wconf 83' lang='lat' dir='ltr'>prefatis</span> <span class='ocrx_word' id='word_1_116' title='bbox 2352 2820 2687 2892; x_wconf 89' lang='lat' dir='ltr'>canonicis</span> 
     </span>
     <span class='ocr_line' id='line_1_18' title="bbox 424 2933 2690 3027; baseline 0 -23"><span class='ocrx_word' id='word_1_117' title='bbox 424 2933 807 3025; x_wconf 89' lang='lat' dir='ltr'>quindecim</span> <span class='ocrx_word' id='word_1_118' title='bbox 850 2933 1093 3006; x_wconf 89' lang='lat' dir='ltr'>solidos</span> <span class='ocrx_word' id='word_1_119' title='bbox 1136 2933 1586 3026; x_wconf 82' lang='lat' dir='ltr'>parisiensium</span> <span class='ocrx_word' id='word_1_120' title='bbox 1628 2937 1829 3005; x_wconf 90' lang='lat' dir='ltr'>annui</span> <span class='ocrx_word' id='word_1_121' title='bbox 1867 2956 2105 3006; x_wconf 87' lang='lat' dir='ltr'>census</span> <span class='ocrx_word' id='word_1_122' title='bbox 2160 2949 2224 3006; x_wconf 90' lang='lat' dir='ltr'>et</span> <span class='ocrx_word' id='word_1_123' title='bbox 2275 2958 2473 3006; x_wconf 89' lang='lat' dir='ltr'>unam</span> <span class='ocrx_word' id='word_1_124' title='bbox 2512 2935 2690 3027; x_wconf 84' lang='lat' dir='ltr'>galli-</span> 
     </span>
     <span class='ocr_line' id='line_1_19' title="bbox 432 3047 2688 3141; baseline 0.002 -24"><span class='ocrx_word' id='word_1_125' title='bbox 432 3071 587 3119; x_wconf 89' lang='lat' dir='ltr'>nam</span> <span class='ocrx_word' id='word_1_126' title='bbox 617 3049 946 3119; x_wconf 88' lang='lat' dir='ltr'>annuatim</span> <span class='ocrx_word' id='word_1_127' title='bbox 986 3050 1500 3140; x_wconf 88' lang='lat' dir='ltr'>persolvendam,</span> <span class='ocrx_word' id='word_1_128' title='bbox 1543 3072 1659 3140; x_wconf 92' lang='lat' dir='ltr'>pro</span> <span class='ocrx_word' id='word_1_129' title='bbox 1701 3048 2119 3140; x_wconf 83' lang='lat' dir='ltr'>quadraginta</span> <span class='ocrx_word' id='word_1_130' title='bbox 2159 3047 2339 3120; x_wconf 87' lang='lat' dir='ltr'>libris</span> <span class='ocrx_word' id='word_1_131' title='bbox 2378 3048 2688 3141; x_wconf 88' lang='lat' dir='ltr'>parisien·</span> 
     </span>
     <span class='ocr_line' id='line_1_20' title="bbox 428 3161 2688 3254; baseline 0.002 -22"><span class='ocrx_word' id='word_1_132' title='bbox 428 3164 606 3232; x_wconf 88' lang='lat' dir='ltr'>sium</span> <span class='ocrx_word' id='word_1_133' title='bbox 678 3162 893 3234; x_wconf 92' lang='lat' dir='ltr'>omnia</span> <span class='ocrx_word' id='word_1_134' title='bbox 969 3161 1281 3254; x_wconf 89' lang='lat' dir='ltr'>premissa</span> <span class='ocrx_word' id='word_1_135' title='bbox 1364 3163 1648 3246; x_wconf 86' lang='lat' dir='ltr'>vendita,</span> <span class='ocrx_word' id='word_1_136' title='bbox 1708 3162 1833 3233; x_wconf 90' lang='lat' dir='ltr'>sibi</span> <span class='ocrx_word' id='word_1_137' title='bbox 1907 3166 1985 3233; x_wconf 88' lang='lat' dir='ltr'>ab</span> <span class='ocrx_word' id='word_1_138' title='bbox 2047 3161 2293 3234; x_wconf 90' lang='lat' dir='ltr'>eisdem</span> <span class='ocrx_word' id='word_1_139' title='bbox 2356 3164 2688 3236; x_wconf 87' lang='lat' dir='ltr'>canonicis</span> 
     </span>
     <span class='ocr_line' id='line_1_21' title="bbox 431 3275 2682 3372; baseline 0.001 -24"><span class='ocrx_word' id='word_1_140' title='bbox 431 3276 811 3369; x_wconf 87' lang='lat' dir='ltr'>persolutis,</span> <span class='ocrx_word' id='word_1_141' title='bbox 844 3291 905 3348; x_wconf 90' lang='lat' dir='ltr'>et</span> <span class='ocrx_word' id='word_1_142' title='bbox 947 3280 1025 3347; x_wconf 91' lang='lat' dir='ltr'>de</span> <span class='ocrx_word' id='word_1_143' title='bbox 1060 3278 1293 3369; x_wconf 88' lang='lat' dir='ltr'>quibus</span> <span class='ocrx_word' id='word_1_144' title='bbox 1331 3275 1610 3348; x_wconf 83' lang='lat' dir='ltr'>denariis</span> <span class='ocrx_word' id='word_1_145' title='bbox 1636 3299 1707 3350; x_wconf 90' lang='lat' dir='ltr'>se</span> <span class='ocrx_word' id='word_1_146' title='bbox 1737 3277 1945 3350; x_wconf 86' lang='lat' dir='ltr'>tenuit</span> <span class='ocrx_word' id='word_1_147' title='bbox 1973 3277 2258 3371; x_wconf 86' lang='lat' dir='ltr'>plenarie</span> <span class='ocrx_word' id='word_1_148' title='bbox 2286 3302 2400 3371; x_wconf 90' lang='lat' dir='ltr'>pro</span> <span class='ocrx_word' id='word_1_149' title='bbox 2429 3292 2682 3372; x_wconf 83' lang='lat' dir='ltr'>pagato,</span> 
     </span>
     <span class='ocr_line' id='line_1_22' title="bbox 434 3390 2689 3487; baseline 0.001 -24"><span class='ocrx_word' id='word_1_150' title='bbox 434 3391 797 3484; x_wconf 81' lang='lat' dir='ltr'>exception‘</span> <span class='ocrx_word' id='word_1_151' title='bbox 849 3413 974 3462; x_wconf 93' lang='lat' dir='ltr'>non</span> <span class='ocrx_word' id='word_1_152' title='bbox 1013 3406 1346 3464; x_wconf 89' lang='lat' dir='ltr'>numerate</span> <span class='ocrx_word' id='word_1_153' title='bbox 1401 3390 1522 3463; x_wconf 91' lang='lat' dir='ltr'>sibi</span> <span class='ocrx_word' id='word_1_154' title='bbox 1563 3390 1835 3483; x_wconf 87' lang='lat' dir='ltr'>pecunie</span> <span class='ocrx_word' id='word_1_155' title='bbox 1887 3414 2016 3465; x_wconf 91' lang='lat' dir='ltr'>non</span> <span class='ocrx_word' id='word_1_156' title='bbox 2063 3392 2277 3465; x_wconf 89' lang='lat' dir='ltr'>habite</span> <span class='ocrx_word' id='word_1_157' title='bbox 2329 3407 2395 3465; x_wconf 85' lang='lat' dir='ltr'>et</span> <span class='ocrx_word' id='word_1_158' title='bbox 2432 3408 2689 3487; x_wconf 89' lang='lat' dir='ltr'>recepte</span> 
     </span>
     <span class='ocr_line' id='line_1_23' title="bbox 436 3504 2689 3602; baseline 0.001 -26"><span class='ocrx_word' id='word_1_159' title='bbox 436 3505 700 3602; x_wconf 83' lang='lat' dir='ltr'>penitus</span> <span class='ocrx_word' id='word_1_160' title='bbox 734 3520 797 3577; x_wconf 92' lang='lat' dir='ltr'>et</span> <span class='ocrx_word' id='word_1_161' title='bbox 834 3529 1135 3598; x_wconf 81' lang='lat' dir='ltr'>expresse</span> <span class='ocrx_word' id='word_1_162' title='bbox 1167 3504 1555 3579; x_wconf 88' lang='lat' dir='ltr'>renuncians</span> <span class='ocrx_word' id='word_1_163' title='bbox 1579 3520 1640 3577; x_wconf 90' lang='lat' dir='ltr'>et</span> <span class='ocrx_word' id='word_1_164' title='bbox 1682 3528 1795 3598; x_wconf 91' lang='lat' dir='ltr'>per</span> <span class='ocrx_word' id='word_1_165' title='bbox 1833 3507 2048 3576; x_wconf 84' lang='lat' dir='ltr'>fidem.</span> <span class='ocrx_word' id='word_1_166' title='bbox 2083 3510 2177 3577; x_wconf 91' lang='lat' dir='ltr'>De</span> <span class='ocrx_word' id='word_1_167' title='bbox 2216 3506 2498 3597; x_wconf 83' lang='lat' dir='ltr'>predicta</span> <span class='ocrx_word' id='word_1_168' title='bbox 2539 3531 2689 3578; x_wconf 88' lang='lat' dir='ltr'>vero</span> 
     </span>
     <span class='ocr_line' id='line_1_24' title="bbox 432 3620 2684 3714; baseline 0.002 -25"><span class='ocrx_word' id='word_1_169' title='bbox 432 3620 819 3693; x_wconf 75' lang='lat' dir='ltr'>vendncione</span> <span class='ocrx_word' id='word_1_170' title='bbox 882 3620 1329 3713; x_wconf 80' lang='lat' dir='ltr'>garantizanda</span> <span class='ocrx_word' id='word_1_171' title='bbox 1389 3643 1461 3692; x_wconf 91' lang='lat' dir='ltr'>se</span> <span class='ocrx_word' id='word_1_172' title='bbox 1524 3622 1940 3714; x_wconf 85' lang='lat' dir='ltr'>fidejussores</span> <span class='ocrx_word' id='word_1_173' title='bbox 1996 3620 2475 3703; x_wconf 85' lang='lat' dir='ltr'>constituerunt</span> <span class='ocrx_word' id='word_1_174' title='bbox 2534 3645 2684 3714; x_wconf 85' lang='lat' dir='ltr'>erga</span> 
     </span>
     <span class='ocr_line' id='line_1_25' title="bbox 434 3733 2688 3826; baseline 0.001 -21"><span class='ocrx_word' id='word_1_175' title='bbox 434 3737 650 3806; x_wconf 90' lang='lat' dir='ltr'>dictos</span> <span class='ocrx_word' id='word_1_176' title='bbox 689 3736 1038 3807; x_wconf 90' lang='lat' dir='ltr'>canonicos</span> <span class='ocrx_word' id='word_1_177' title='bbox 1074 3749 1138 3806; x_wconf 91' lang='lat' dir='ltr'>et</span> <span class='ocrx_word' id='word_1_178' title='bbox 1180 3734 1448 3825; x_wconf 83' lang='lat' dir='ltr'>quilibet</span> <span class='ocrx_word' id='word_1_179' title='bbox 1490 3735 1551 3804; x_wconf 93' lang='lat' dir='ltr'>in</span> <span class='ocrx_word' id='word_1_180' title='bbox 1581 3733 1859 3805; x_wconf 89' lang='lat' dir='ltr'>solidum</span> <span class='ocrx_word' id='word_1_181' title='bbox 1904 3757 2020 3826; x_wconf 91' lang='lat' dir='ltr'>pro</span> <span class='ocrx_word' id='word_1_182' title='bbox 2060 3737 2307 3826; x_wconf 81' lang='lat' dir='ltr'>prelato</span> <span class='ocrx_word' id='word_1_183' title='bbox 2336 3734 2571 3807; x_wconf 90' lang='lat' dir='ltr'>clerico</span> <span class='ocrx_word' id='word_1_184' title='bbox 2623 3750 2688 3808; x_wconf 89' lang='lat' dir='ltr'>et</span> 
     </span>
     <span class='ocr_line' id='line_1_26' title="bbox 434 3848 2688 3941; baseline 0 -22"><span class='ocrx_word' id='word_1_185' title='bbox 434 3851 517 3920; x_wconf 89' lang='lat' dir='ltr'>ad</span> <span class='ocrx_word' id='word_1_186' title='bbox 558 3851 701 3941; x_wconf 86' lang='lat' dir='ltr'>ejus</span> <span class='ocrx_word' id='word_1_187' title='bbox 758 3848 1145 3941; x_wconf 87' lang='lat' dir='ltr'>peticionem</span> <span class='ocrx_word' id='word_1_188' title='bbox 1195 3848 1301 3920; x_wconf 87' lang='lat' dir='ltr'>isti</span> <span class='ocrx_word' id='word_1_189' title='bbox 1350 3871 1624 3941; x_wconf 88' lang='lat' dir='ltr'>quorum</span> <span class='ocrx_word' id='word_1_190' title='bbox 1669 3851 1931 3920; x_wconf 89' lang='lat' dir='ltr'>nomina</span> <span class='ocrx_word' id='word_1_191' title='bbox 1979 3852 2470 3921; x_wconf 87' lang='lat' dir='ltr'>subsecuntur:</span> <span class='ocrx_word' id='word_1_192' title='bbox 2516 3854 2688 3920; x_wconf 89' lang='lat' dir='ltr'>Guil-</span> 
     </span>
     <span class='ocr_line' id='line_1_27' title="bbox 435 3962 2685 4047; baseline 0.002 -16"><span class='ocrx_word' id='word_1_193' title='bbox 435 3966 680 4035; x_wconf 91' lang='lat' dir='ltr'>lermus</span> <span class='ocrx_word' id='word_1_194' title='bbox 733 3965 812 4034; x_wconf 89' lang='lat' dir='ltr'>de</span> <span class='ocrx_word' id='word_1_195' title='bbox 852 3963 1239 4047; x_wconf 86' lang='lat' dir='ltr'>Roinvillari,</span> <span class='ocrx_word' id='word_1_196' title='bbox 1282 3962 1493 4046; x_wconf 78' lang='lat' dir='ltr'>mile8‚</span> <span class='ocrx_word' id='word_1_197' title='bbox 1536 3962 1924 4034; x_wconf 88' lang='lat' dir='ltr'>Guillermus</span> <span class='ocrx_word' id='word_1_198' title='bbox 1977 3962 2191 4034; x_wconf 88' lang='lat' dir='ltr'>dictus</span> <span class='ocrx_word' id='word_1_199' title='bbox 2228 3966 2685 4047; x_wconf 87' lang='lat' dir='ltr'>Demandator,</span> 
     </span>
     <span class='ocr_line' id='line_1_28' title="bbox 436 4076 2689 4170; baseline 0.001 -24"><span class='ocrx_word' id='word_1_200' title='bbox 436 4076 752 4147; x_wconf 87' lang='lat' dir='ltr'>Guiardus</span> <span class='ocrx_word' id='word_1_201' title='bbox 781 4079 861 4147; x_wconf 90' lang='lat' dir='ltr'>de</span> <span class='ocrx_word' id='word_1_202' title='bbox 893 4076 1336 4168; x_wconf 85' lang='lat' dir='ltr'>Guignonvilla</span> <span class='ocrx_word' id='word_1_203' title='bbox 1385 4090 1448 4147; x_wconf 91' lang='lat' dir='ltr'>et</span> <span class='ocrx_word' id='word_1_204' title='bbox 1482 4080 1813 4148; x_wconf 70' lang='lat' dir='ltr'>lohannes</span> <span class='ocrx_word' id='word_1_205' title='bbox 1864 4080 1944 4148; x_wconf 91' lang='lat' dir='ltr'>de</span> <span class='ocrx_word' id='word_1_206' title='bbox 1985 4077 2453 4170; x_wconf 80' lang='lat' dir='ltr'>Guignonvilla,</span> <span class='ocrx_word' id='word_1_207' title='bbox 2497 4078 2689 4148; x_wconf 88' lang='lat' dir='ltr'>armi·</span> 
     </span>
     <span class='ocr_line' id='line_1_29' title="bbox 436 4189 2689 4283; baseline 0 -21"><span class='ocrx_word' id='word_1_208' title='bbox 436 4189 599 4282; x_wconf 84' lang='lat' dir='ltr'>geri,</span> <span class='ocrx_word' id='word_1_209' title='bbox 642 4189 912 4283; x_wconf 86' lang='lat' dir='ltr'>quilibet</span> <span class='ocrx_word' id='word_1_210' title='bbox 959 4207 1022 4262; x_wconf 89' lang='lat' dir='ltr'>et</span> <span class='ocrx_word' id='word_1_211' title='bbox 1055 4215 1167 4283; x_wconf 90' lang='lat' dir='ltr'>per</span> <span class='ocrx_word' id='word_1_212' title='bbox 1204 4194 1418 4262; x_wconf 82' lang='lat' dir='ltr'>fldem.</span> <span class='ocrx_word' id='word_1_213' title='bbox 1465 4192 1841 4282; x_wconf 84' lang='lat' dir='ltr'>Obligantes</span> <span class='ocrx_word' id='word_1_214' title='bbox 1882 4205 2005 4262; x_wconf 92' lang='lat' dir='ltr'>tam</span> <span class='ocrx_word' id='word_1_215' title='bbox 2050 4191 2375 4283; x_wconf 89' lang='lat' dir='ltr'>predictus</span> <span class='ocrx_word' id='word_1_216' title='bbox 2415 4192 2689 4263; x_wconf 88' lang='lat' dir='ltr'>clericus</span> 
     </span>
     <span class='ocr_line' id='line_1_30' title="bbox 435 4303 2688 4397; baseline 0 -21"><span class='ocrx_word' id='word_1_217' title='bbox 435 4303 682 4376; x_wconf 87' lang='lat' dir='ltr'>eisdem</span> <span class='ocrx_word' id='word_1_218' title='bbox 733 4304 1062 4376; x_wconf 88' lang='lat' dir='ltr'>canonicis</span> <span class='ocrx_word' id='word_1_219' title='bbox 1102 4328 1290 4395; x_wconf 87' lang='lat' dir='ltr'>quam</span> <span class='ocrx_word' id='word_1_220' title='bbox 1334 4307 1749 4395; x_wconf 85' lang='lat' dir='ltr'>fidejussores</span> <span class='ocrx_word' id='word_1_221' title='bbox 1790 4308 1868 4375; x_wconf 91' lang='lat' dir='ltr'>de</span> <span class='ocrx_word' id='word_1_222' title='bbox 1907 4305 2245 4397; x_wconf 82' lang='lat' dir='ltr'>garantizia</span> <span class='ocrx_word' id='word_1_223' title='bbox 2288 4308 2577 4376; x_wconf 81' lang='lat' dir='ltr'>facienda</span> <span class='ocrx_word' id='word_1_224' title='bbox 2619 4329 2688 4377; x_wconf 90' lang='lat' dir='ltr'>se</span> 
     </span>
     <span class='ocr_line' id='line_1_31' title="bbox 435 4418 2688 4511; baseline 0.001 -22"><span class='ocrx_word' id='word_1_225' title='bbox 435 4432 500 4489; x_wconf 89' lang='lat' dir='ltr'>et</span> <span class='ocrx_word' id='word_1_226' title='bbox 525 4422 796 4490; x_wconf 87' lang='lat' dir='ltr'>heredes</span> <span class='ocrx_word' id='word_1_227' title='bbox 819 4442 973 4490; x_wconf 91' lang='lat' dir='ltr'>suos</span> <span class='ocrx_word' id='word_1_228' title='bbox 1010 4434 1073 4489; x_wconf 81' lang='lat' dir='ltr'>et</span> <span class='ocrx_word' id='word_1_229' title='bbox 1114 4418 1177 4489; x_wconf 90' lang='lat' dir='ltr'>in</span> <span class='ocrx_word' id='word_1_230' title='bbox 1204 4421 1313 4510; x_wconf 83' lang='lat' dir='ltr'>jus</span> <span class='ocrx_word' id='word_1_231' title='bbox 1344 4442 1531 4489; x_wconf 88' lang='lat' dir='ltr'>suum</span> <span class='ocrx_word' id='word_1_232' title='bbox 1561 4442 1977 4491; x_wconf 87' lang='lat' dir='ltr'>successores</span> <span class='ocrx_word' id='word_1_233' title='bbox 2017 4423 2182 4490; x_wconf 92' lang='lat' dir='ltr'>bona</span> <span class='ocrx_word' id='word_1_234' title='bbox 2209 4442 2322 4492; x_wconf 87' lang='lat' dir='ltr'>sua</span> <span class='ocrx_word' id='word_1_235' title='bbox 2358 4420 2688 4511; x_wconf 89' lang='lat' dir='ltr'>presencia</span> 
     </span>
     <span class='ocr_line' id='line_1_32' title="bbox 396 4523 2688 4625; baseline 0 -21"><span class='ocrx_word' id='word_1_236' title='bbox 396 4540 400 4543; x_wconf 49' lang='lat'><strong>⁴</strong></span> <span class='ocrx_word' id='word_1_237' title='bbox 439 4536 679 4625; x_wconf 88' lang='lat' dir='ltr'>pariter</span> <span class='ocrx_word' id='word_1_238' title='bbox 715 4548 779 4604; x_wconf 92' lang='lat' dir='ltr'>et</span> <span class='ocrx_word' id='word_1_239' title='bbox 817 4536 1048 4619; x_wconf 82' lang='lat' dir='ltr'>sutura,</span> <span class='ocrx_word' id='word_1_240' title='bbox 1078 4523 1352 4604; x_wconf 58' lang='lat' dir='ltr'>⁴mobilia</span> <span class='ocrx_word' id='word_1_241' title='bbox 1382 4547 1445 4604; x_wconf 87' lang='lat' dir='ltr'>et</span> <span class='ocrx_word' id='word_1_242' title='bbox 1475 4532 1852 4604; x_wconf 86' lang='lat' dir='ltr'>immobilia.</span> <span class='ocrx_word' id='word_1_243' title='bbox 1900 4532 2203 4603; x_wconf 89' lang='lat' dir='ltr'>Promisit</span> <span class='ocrx_word' id='word_1_244' title='bbox 2241 4533 2432 4604; x_wconf 87' lang='lat' dir='ltr'>etiam</span> <span class='ocrx_word' id='word_1_245' title='bbox 2477 4533 2688 4605; x_wconf 87' lang='lat' dir='ltr'>dictus</span> 
     </span>
     <span class='ocr_line' id='line_1_33' title="bbox 437 4645 2688 4739; baseline 0.001 -22"><span class='ocrx_word' id='word_1_246' title='bbox 437 4645 711 4718; x_wconf 89' lang='lat' dir='ltr'>clericus</span> <span class='ocrx_word' id='word_1_247' title='bbox 749 4669 821 4717; x_wconf 90' lang='lat' dir='ltr'>se</span> <span class='ocrx_word' id='word_1_248' title='bbox 859 4646 1250 4739; x_wconf 80' lang='lat' dir='ltr'>garantizare</span> <span class='ocrx_word' id='word_1_249' title='bbox 1292 4649 1611 4739; x_wconf 89' lang='lat' dir='ltr'>predictas</span> <span class='ocrx_word' id='word_1_250' title='bbox 1653 4670 1758 4718; x_wconf 89' lang='lat' dir='ltr'>res</span> <span class='ocrx_word' id='word_1_251' title='bbox 1798 4646 2089 4718; x_wconf 82' lang='lat' dir='ltr'>venditas</span> <span class='ocrx_word' id='word_1_252' title='bbox 2132 4645 2322 4718; x_wconf 85' lang='lat' dir='ltr'>dictis</span> <span class='ocrx_word' id='word_1_253' title='bbox 2353 4646 2688 4719; x_wconf 89' lang='lat' dir='ltr'>canonicis</span> 
     </span>
    </p>
   </div>
  </div>
 </body>
</html>
