3485 5571
1798 662 1872 673 —-
1917 626 2034 691 196
2078 663 2154 672 -·

854 752 1149 846 sigillatis
1225 753 1515 847 apicibus
1608 755 2018 846 perbennari.
2094 759 2442 847 Eapropter
2504 757 2583 826 ad
2662 753 3096 827 universitatis

848 884 1060 942 vestre
1126 867 1439 941 noticiam
1498 871 1795 941 volumus
1859 870 2220 962 pervenire,
2278 872 2450 961 quod
2515 892 2662 941 cum
2730 870 2969 942 dilecto
3033 868 3094 939 in

853 983 1105 1056 Christo
1138 984 1312 1054 fratri
1351 997 1417 1055 et
1436 982 1878 1056 concanonico
1914 998 2136 1055 nostro
2181 984 2394 1056 Odoni
2458 986 2538 1054 de
2580 986 2936 1055 Chanteleu
2989 986 3097 1055 do-

847 1120 989 1170 mos
1055 1112 1310 1171 nostras
1360 1100 1763 1183 claustrales,
1817 1120 1941 1189 que
1994 1101 2253 1170 suerunt
2318 1097 2576 1169 Giraudi
2618 1100 2699 1170 de
2746 1099 3093 1181 Lueniaco,

850 1211 1281 1297 dedissemus,
1331 1211 1595 1303 insuper
1646 1225 1715 1283 ut
1755 1212 1924 1284 idem
1966 1213 2106 1284 Odo
2144 1213 2225 1283 ad
2287 1210 2704 1284 relectionem
2760 1214 3098 1285 domorum

849 1325 1123 1414 illarum,
1167 1349 1292 1418 que
1326 1348 1590 1397 manum
1644 1326 2111 1402 meliorationis
2151 1324 2605 1398 inevitabiliter
2661 1324 3097 1417 requirebant,

848 1454 1109 1513 strenue
1146 1443 1490 1524 laboraret,
1541 1440 1665 1534 ipsi
1706 1440 1990 1512 unanimi
2030 1454 2095 1513 et
2133 1440 2438 1513 concordi
2466 1443 2791 1512 voluntate
2831 1462 3099 1512 conces·

848 1553 1054 1626 simus
1075 1568 1264 1647 atque
1295 1552 1708 1648 promisimus
1742 1558 1915 1646 quod
1954 1553 2286 1646 quicquid,
2319 1553 2464 1645 ipso
2506 1555 2783 1626 cedente
2840 1556 2946 1624 vel
2998 1555 3101 1625 de·

848 1671 1149 1754 cedente,
1209 1670 1290 1741 de
1355 1669 1604 1742 eisdem
1658 1668 1957 1741 domibus
2023 1672 2258 1741 habere
2320 1667 2672 1761 poterimus
2740 1667 3098 1760 pensionis,

850 1796 1225 1856 recurrente
1259 1781 1614 1855 vocationis
1652 1785 1798 1875 ejus
1837 1782 1940 1855 die
1970 1769 2302 1855 canonicis
2325 1781 2435 1874 qui
2478 1779 2924 1854 anniversario
2969 1783 3104 1874 ejus

851 1896 1212 1971 intererunt
1287 1897 1561 1970 fideliter
1631 1896 2018 2000 distribuere
2080 1909 2470 1989 satagemus.
2531 1900 2620 1968 Ne
2692 1919 2846 1988 ergo
2902 1895 3102 1968 series

855 2015 1047 2105 hujus
1079 2026 1302 2108 nostre
1333 2011 1775 2084 concessionis
1813 2010 2133 2084 oblivione
2176 2014 2505 2104 depereat,
2536 2013 2661 2098 vel,
2710 2012 2883 2102 quod
2908 2008 3097 2093 absit,

850 2125 1245 2218 malignitate
1283 2139 1591 2211 mutetur,
1618 2149 1789 2213 earn,
1819 2138 1887 2198 ut
1912 2140 2218 2219 perpetua
2250 2123 2601 2198 stabilitate
2644 2127 2976 2217 perduret,
3004 2123 3101 2194 lit-

847 2253 1129 2312 terarum
1168 2239 1361 2332 sigilli
1401 2240 1722 2333 presentis
1748 2239 2106 2333 patrocinio
2137 2243 2623 2313 confirmamus.
2667 2243 2892 2310 Actum
2932 2260 3100 2310 anno

854 2353 1042 2427 Verbi
1066 2353 1373 2426 incarnati
1410 2357 1693 2428 MCXCV.

1909 2670 2061 2734 CXV

865 2872 893 2910 Χ

1432 2927 1625 2996 Anet,
1662 2923 1721 3004 [2
1751 2923 2032 3006 avril-31·
2056 2921 2351 3004 octobre]
2379 2921 2540 2985 1195

855 3152 1397 3225 Philippo-Auguste
1427 3151 1716 3221 confirme,
1748 3153 1911 3224 apres
1941 3153 2201 3223 enquete,
2234 3152 2285 3207 le
2314 3151 2460 3206 droit
2498 3151 2569 3206 de
2597 3149 2977 3207 Sainte-Croix
3005 3163 3099 3205 sur

1038 3248 1122 3304 les
1146 3249 1403 3304 hommes
1431 3248 1501 3303 de
1531 3263 1694 3320 corps
1723 3246 1802 3304 du
1826 3247 2086 3304 demaine
2115 3247 2192 3303 du
2222 3247 2469 3320 chapitre
2500 3263 2570 3303 en
2599 3246 2904 3318 Etampois.

856 3394 1006 3465 (Bib.
1030 3395 1159 3455 Nat.
1176 3393 1315 3450 Coll.
1343 3394 1590 3451 Moreau.
1617 3393 1688 3450 96
1712 3411 1725 3446 :
1758 3392 1864 3449 203
1888 3411 1903 3464 ;
1927 3393 2003 3448 du
2030 3393 2336 3450 cartulaire
2360 3394 2430 3448 de
2460 3392 2663 3449 Sainte
2675 3392 2857 3464 Croix,
2874 3391 2924 3447 ἕο
2948 3390 3091 3463 203).

944 3611 1012 3679 In
1045 3606 1303 3680 nomine
1342 3621 1577 3680 sancte>
1602 3621 1668 3679 et
1718 3606 2047 3679 individue
2098 3605 2448 3693 Trinitatis,
2482 3630 2694 3679 amen.
2742 3606 3090 3699 Philippus,

856 3725 975 3795 Dei
1014 3726 1214 3815 gratia
1253 3725 1637 3794 Francorum
1676 3744 1809 3793 rex.
1851 3719 2152 3793 Noverint
2193 3719 2471 3792 universi
2502 3734 2839 3812 presentes
2864 3719 3096 3813 pariter

855 3854 921 3912 et
960 3837 1152 3909 futuri
1207 3840 1376 3929 quod
1426 3836 1736 3909 Manerius
1777 3838 1856 3908 de
1907 3834 2185 3928 Stampis
2234 3850 2297 3907 et
2361 3839 2540 3927 Hugo
2594 3836 2995 3909 de‘Gravella
3033 3846 3092 3905 ct

855 3956 1152 4025 Ansellus
1180 3955 1258 4024 de
1306 3950 1639 4023 Buissiaco
1678 3965 1746 4023 et
1783 3948 1924 4023 Milo
1965 3952 2044 4021 de
2076 3949 2411 4021 Amorvilla
2454 3972 2568 4042 per
2623 3959 3089 4021 sacramentum

854 4091 1039 4139 suum
1084 4065 1402 4139 testificati
1439 4080 1616 4153 sunt,
1646 4089 1723 4138 ex
1748 4068 2046 4139 mandato
2073 4079 2322 4150 nostro,
2353 4068 2522 4156 quod
2560 4063 2855 4136 homines
2875 4066 2943 4134 in
2972 4078 3090 4135 ter-

850 4181 1070 4255 ritorio
1127 4186 1361 4254 Sancte
1419 4183 1643 4254 Crucis
1692 4178 2168 4253 Aurelianensis
2228 4180 2293 4249 in
2354 4177 2713 4270 Stampesio
2757 4190 3085 4251 manentes

848 4312 999 4370 sunt
1035 4299 1335 4369 homines
1392 4301 1625 4369 Sancte
1685 4295 1906 4367 Crucis
1973 4297 2053 4367 de
2110 4315 2402 4386 corpore,
2454 4292 2689 4384 singuli
2749 4294 3085 4364 reddentes

846 4410 1176 4484 annuatim
1234 4425 1507 4503 quatuor
1558 4409 1855 4482 denarios
1895 4412 1974 4481 de
2023 4406 2230 4500 capite
2275 4431 2427 4493 suo,
2468 4405 2757 4498 exceptis
2793 4420 3081 4500 quatuor,

845 4551 1115 4619 quorum
1147 4528 1275 4598 duo
1314 4538 1577 4597 manent
1601 4527 1770 4617 apud
1811 4527 2164 4608 Forestam‚
2195 4520 2528 4613 Philippus
2583 4534 2647 4593 et
2702 4524 3078 4604 Bernardus,

847 4656 910 4715 et
948 4645 1115 4736 apud
1156 4639 1378 4714 Mesnil
1413 4639 1694 4726 Giraudi,
1753 4639 1904 4711 item
1946 4651 2012 4711 et
2048 4640 2116 4709 in
2163 4636 2394 4730 riparia
2432 4639 2513 4709 de
2572 4638 2821 4709 Ulmeto
2859 4641 3081 4709 Basco·
