3485 5571
1628 661 1986 725 —210—

684 806 814 865 tem
851 790 1144 884 paginam
1185 788 1374 884 sigilli
1416 789 1617 860 nostri
1658 787 2036 860 auctoritate
2067 800 2131 858 et
2166 784 2320 877 regii
2375 785 2654 858 nominis
2715 810 2931 859 carac-

683 919 818 979 tere
858 905 1122 978 interius
1160 917 1464 977 annotato
1508 902 1916 994 precepimus
1969 898 2358 972 confirmari.
2416 901 2698 993 [Actum]
2762 902 2930 992 apud

684 1023 960 1092 Montem
1003 1017 1174 1112 Argi,
1214 1042 1386 1090 anno
1435 1021 1514 1088 ab
1564 1016 2010 1087 incarnatione
2058 1012 2315 1086 Domini
2374 1017 2454 1084 Μ’)
2515 1017 2640 1085 CC⁰
2694 1013 2929 1105 primo,

683 1133 861 1223 regni
903 1157 1051 1205 vero
1108 1134 1309 1205 nostri
1349 1135 1563 1203 xxllo.
1619 1128 1988 1201 Astantibus
1999 1182 2132 1200 .....
2179 1131 2321 1222 (sic)
2373 1130 2931 1220 (Monoqramme).

685 1250 843 1318 Data
881 1261 1146 1319 vacante
1176 1245 1581 1318 cancellaria.

1673 1633 1967 1693 CXXVlll

1514 1907 1901 1987 Septembre
1941 1906 2092 1970 1201

680 2158 930 2230 Hugues‚
963 2159 1174 2231 eveque
1226 2157 1539 2229 d'Orleans,
1581 2158 1770 2215 donne
1820 2159 1853 2214 a
1900 2158 2291 2216 Sainte-Croix
2342 2162 2425 2217 les
2471 2162 2715 2218 maisons
2767 2168 2823 2218 et
2881 2163 2938 2217 le

750 2271 947 2325 verger
987 2254 1124 2326 qu’il
1153 2271 1187 2310 a
1211 2254 1436 2311 achetes
1457 2256 1489 2310 a
1519 2255 1710 2310 Eudes
1734 2254 1833 2310 des
1864 2256 2108 2322 Roches,
2141 2258 2174 2310 a
2196 2256 2490 2314 condition
2527 2257 2692 2329 qu'ils
2736 2266 2938 2314 ser-ont

744 2350 945 2406 bailles
973 2350 1007 2405 a
1033 2367 1123 2407 ses
1151 2366 1368 2407 neveux
1395 2367 1541 2424 pour
1564 2367 1676 2407 une
1708 2350 1944 2423 pension
1976 2352 2044 2408 de
2070 2351 2141 2407 20
2165 2368 2322 2424 sous,
2355 2353 2586 2425 payable
2614 2352 2935 2411 seulement

745 2447 911 2517 apres
940 2463 1002 2502 sa
1028 2452 1199 2503 mort.

839 2592 1012 2664 (Orig.
1045 2611 1091 2649 s.
1118 2594 1306 2666 pat-ch.
1335 2594 1505 2649 Arch.
1540 2594 1613 2649 du
1645 2594 1853 2665 Loiret,
1883 2597 1949 2652 G.
1975 2595 2115 2667 2683
2145 2596 2397 2653 mention
2425 2596 2769 2669 Scriptum).

765 2839 834 2906 ln
865 2834 1125 2907 nomine
1179 2850 1404 2908 sancte
1438 2847 1503 2908 et
1540 2838 1873 2909 individue
1929 2836 2279 2921 Trinitatis,
2325 2840 2530 2928 nugo,
2571 2834 2685 2908 Dei
2723 2835 2923 2926 gratia

674 2948 1152 3022 Aurelianensis
1190 2948 1560 3043 episcopus,
1623 2949 1925 3022 omnibus
1985 2949 2046 3020 in
2110 2963 2517 3042 perpetuum.·
2584 2954 2630 3021 A
2692 2952 2918 3040 cogui-

676 3067 855 3137 tione
893 3063 1292 3155 presentium
1333 3066 1632 3135 volumus
1681 3067 1759 3135 ad
1807 3063 2095 3135 notitiam
2152 3066 2489 3156 pervenire
2524 3068 2922 3156 singulorum

675 3179 846 3270 quod
882 3200 991 3249 eas
1031 3180 1260 3249 domos
1290 3200 1451 3269 quas
1490 3181 1569 3249 ab
1610 3180 1838 3250 Odone
1877 3179 1957 3250 de
1987 3177 2274 3271 Rupibus
2303 3176 2579 3249 emimus
2607 3201 2754 3249 cum
2794 3178 2924 3249 vir-

678 3294 854 3384 gulto
892 3305 957 3363 et
996 3291 1381 3384 appenditiis
1407 3290 1686 3385 capitulo
1724 3291 2164 3365 Aurelianensi
2207 3292 2677 3364 concessimus.
2713 3297 2920 3385 Ipsum

680 3428 937 3497 quoque
996 3405 1344 3497 capitulum
1407 3406 1770 3478 karissimis
1832 3406 2176 3501 nepotibus
2225 3406 2464 3479 nostris
2525 3410 2806 3479 Manasse
2855 3418 2924 3476 et

682 3519 927 3612 Hugoni
965 3520 1264 3593 iratribus
1314 3523 1544 3593 domos
1582 3536 1647 3593 et
1685 3520 2051 3615 appenditia
2083 3544 2230 3594 cum
2271 3523 2549 3614 virgulto
2586 3524 2664 3592 ad
2696 3542 2924 3614 preces

686 3649 940 3708 nostras
978 3635 1252 3727 benigne
1284 3635 1611 3707 concessit
1663 3639 1788 3708 sub
1834 3659 2045 3708 annua
2080 3636 2390 3729 pensione
2429 3640 2532 3707 XX
2573 3635 2924 3708 solidorum

594 3804 602 3813 .
682 3773 717 3821 a
757 3750 1063 3842 predictis
1090 3754 1377 3822 Manasse
1416 3764 1480 3822 et
1511 3753 1777 3842 Hugone
1809 3764 1957 3843 post
1995 3753 2337 3823 decessum
2363 3765 2658 3823 nostrum
2684 3772 2925 3822 annua-

683 3863 793 3936 tim
825 3865 1104 3958 capitulo
1143 3867 1621 3937 solvendorum.
1658 3867 1787 3957 Ipsi
1822 3877 2037 3938 tamen
2077 3864 2383 3957 quamdiu
2424 3888 2546 3937 nos
2583 3863 2928 3938 vixerimus

685 3981 1060 4071 pensionem
1110 3978 1284 4050 illam
1325 3983 1573 4052 solvere
1631 4002 1760 4051 non
1801 3983 2221 4052 tenebuntur.
2266 3982 2451 4067 Quod
2491 3994 2560 4052 ut
2620 3993 2928 4073 perpetua

676 4094 1022 4166 stabilitate
1063 4108 1453 4186 perseveret,
1495 4116 1767 4186 presens
1807 4095 2118 4186 scriptum
2157 4094 2359 4166 nostri
2400 4095 2673 4166 fecimus
2728 4091 2927 4185 sigilli

673 4207 1030 4280 munimine
1068 4208 1381 4307 roborari.
1417 4212 1642 4280 Actum
1664 4231 1834 4281 anno
1878 4211 2081 4301 gratie
2120 4214 2172 4280 Μ
2214 4207 2659 4281 ducentesimo
2688 4207 2925 4299 primo,

670 4345 894 4395 mense
933 4322 1310 4415 septembri.
