3485 5571
1407 694 1765 757 -249-

452 822 663 894 ciandi
705 824 1102 893 sacerdotem
1137 835 1202 893 et
1242 822 1662 913 parochianos
1695 826 1838 914 jure
1878 823 2393 896 archidiaconati.
2436 830 2530 897 De
2556 850 2704 898 suc-

456 961 652 1008 cursu
713 961 862 1007 vero
900 937 1401 1028 pronunciamus
1435 941 1603 1027 quod
1659 938 1765 1009 iile
1804 938 1910 1029 qui
1963 939 2240 1009 mittitur
2301 944 2378 1010 ad
2443 963 2705 1011 succur-

455 1053 729 1123 rendum
785 1054 1250 1143 presentandus
1303 1064 1401 1122 est
1451 1051 1930 1137 archidiacone,
1982 1052 2033 1123 si
2090 1054 2439 1143 capitulum
2489 1070 2589 1126 est
2641 1055 2702 1125 in

454 1166 877 1257 possessione
931 1165 1205 1257 ponendi
1247 1189 1626 1237 succursum
1676 1169 1740 1235 in
1792 1167 2065 1238 ecclesia
2096 1169 2176 1238 de
2216 1169 2602 1240 Herbiiiaco.
2632 1173 2708 1240 Et

454 1293 526 1350 ut
564 1279 899 1351 arbitrium
943 1295 1230 1350 nostrum
1265 1279 1572 1351 memorie
1612 1283 2101 1352 commendetur
2142 1296 2502 1372 presentem
2538 1283 2707 1374 pagi-

453 1417 606 1464 nam
670 1393 857 1485 sigilli
921 1393 1120 1465 nostri
1181 1395 1538 1465 munimine
1586 1393 1859 1466 fecimus
1910 1395 2219 1466 roborari.
2266 1401 2489 1466 Actum
2533 1420 2704 1467 anno

453 1507 671 1602 gracie
702 1512 778 1578 tt·
805 1510 924 1578 CC·
967 1509 1156 1579 tertio
1185 1510 1466 1592 decimo,
1499 1531 1723 1580 mense
1757 1508 1946 1580 maio.

1461 1921 1697 1983 CLXIV

1296 2202 1659 2263 Novembre
1719 2199 1867 2263 ¹213

451 2454 533 2508 Le
563 2452 844 2509 chanoine
872 2453 1005 2507 Jean
1038 2452 1107 2507 de
1140 2453 1294 2506 Laon
1340 2452 1507 2508 baille
1552 2453 1585 2506 a
1621 2453 1709 2507 vie
1756 2454 1789 2507 a
1835 2453 2029 2508 Pierre
2076 2451 2144 2506 de
2173 2452 2370 2507 Villier
2401 2468 2480 2506 un
2508 2457 2707 2523 arpent

527 2549 600 2605 de
631 2556 781 2606 terre
808 2553 840 2606 a
870 2551 1200 2622 Orgemont,
1236 2566 1377 2622 pour
1405 2568 1438 2621 y
1468 2550 1687 2619 planter
1710 2548 1780 2603 de
1808 2547 1860 2603 la
1887 2548 2077 2621 vigne,
2130 2555 2183 2604 et
2211 2550 2365 2619 regle
2397 2549 2704 2604 minutieu-

525 2653 749 2702 sement
774 2647 855 2701 les
883 2648 1196 2703 conditions
1234 2646 1304 2701 de
1334 2651 1476 2701 cette
1504 2645 1746 2701 culture.

928 2792 1109 2863 (Orig.
1143 2810 1189 2848 S.
1222 2792 1416 2864 parch.
1451 2792 1618 2846 Arch.
1652 2790 1728 2845 du
1760 2791 1962 2846 Loiret.
1990 2791 2057 2848 G.
2080 2792 2239 2862 277).

543 3015 681 3104 Ego
723 3014 939 3095 Futco,
983 3013 1264 3081 decanus
1312 3008 1811 3094 AurelianensiS,
1854 3009 2155 3079 omnibus
2218 3022 2554 3100 presentes
2612 3006 2707 3078 tit-

456 3141 631 3198 teras
673 3124 1058 3215 inspecturis
1118 3138 1338 3195 notum
1404 3123 1563 3195 facio
1620 3127 1789 3214 quod
1851 3126 2177 3195 Jobannes
2235 3126 2314 3194 de
2375 3125 2701 3208 Lauduno,

455 3239 816 3312 canonicus
906 3244 1137 3310 Sancte
1222 3241 1467 3324 CruciS,
1560 3239 1623 3307 in
1705 3260 1846 3308 mea
1901 3239 2218 3329 presentia
2287 3238 2701 3320 constitutus,

453 3357 782 3445 quoddam
823 3368 1159 3444 arpentum
1200 3367 1364 3422 terre
1399 3353 1477 3421 ad
1516 3354 1725 3422 iocum
1769 3351 1959 3421 situm
2014 3350 2120 3440 qui
2175 3355 2536 3440 Orgemonz
2578 3353 2707 3441 gal-

459 3469 583 3540 lice
652 3481 1078 3558 nuncupatur‚
1142 3467 1328 3556 cujus
1393 3466 1803 3535 medietatem
1862 3467 2188 3556 prebende
2250 3487 2365 3535 sue
2418 3464 2702 3549 nomine,

454 3581 874 3653 medietatem
918 3604 1063 3650 vero
1095 3579 1400 3669 retiquam
1427 3581 1683 3648 tenebat
1709 3580 1788 3649 de
1819 3580 2158 3649 confratria
2189 3583 2420 3648 Sancte
2457 3579 2701 3662 Crucis,

459 3701 656 3767 Petro
716 3697 794 3764 de
844 3692 1055 3764 Viliari
1110 3690 1382 3762 >tradidit
1420 3705 1483 3761 et
1535 3691 1861 3762 concessit
1909 3694 2116 3782 quoad
2175 3715 2394 3761 eorum
2441 3705 2706 3782 uterque

458 3809 687 3880 vixerit
742 3806 1229 3899 possidendum,
1291 3829 1367 3877 eo
1426 3808 1618 3876 modo
1658 3804 1953 3877 videlicet
2016 3809 2212 3897 quod,
2271 3805 2430 3877 infra
2470 3812 2704 3877 testum

459 3925 682 3994 Sancti
721 3920 1033 3992 lobannis
1089 3920 1368 4012 Baptiste
1407 3920 1789 4012 proximum,
1826 3921 1889 3989 in
1958 3935 2091 3992 toto
2153 3923 2380 3991 eodem
2434 3936 2705 4012 arpento

461 4043 691 4110 Petrus
745 4059 892 4106 cum
943 4035 1241 4127 expensis
1292 4033 1565 4125 propriis
1607 4037 1891 4125 plantare
1934 4049 2186 4105 tenetur
2227 4033 2502 4119 vineam,
2549 4050 2705 4106 tem-

458 4175 618 4243 pore
699 4150 1023 4220 vinearum
1086 4148 1586 4240 plantationibus
1644 4148 2047 4238 congruenti,
2121 4171 2324 4238 usque
2401 4152 2476 4219 ad
2548 4149 2700 4219 ittud

460 4271 725 4348 testum,
768 4279 833 4335 et
863 4267 939 4334 ab
972 4264 1112 4354 ipso
1157 4266 1319 4333 festo
1351 4285 1554 4352 usque
1595 4262 1659 4332 in
1700 4264 1968 4332 duorum
2007 4263 2475 4354 explectionem
2508 4286 2706 4334 anno·

463 4402 604 4451 rum
647 4380 931 4449 culturas
995 4379 1402 4447 omnimodas
1436 4398 1560 4466 que
1622 4375 1922 4466 plantatis
1983 4399 2057 4445 ex
2111 4399 2273 4446 novo
2332 4389 2706 4467 competunt

465 4491 695 4573 vineiS,
739 4492 949 4562 eidem
992 4490 1175 4561 vinee
1219 4492 1297 4559 de
1355 4488 1612 4580 proprio
1675 4488 2071 4580 temporibus
2134 4489 2543 4580 impensurus
2595 4492 2706 4561 de-

468 4606 648 4688 bitis,
705 4620 769 4676 et
821 4608 1069 4675 tructus
1128 4619 1191 4674 et
1255 4617 1599 4694 proventus
1666 4601 1873 4694 ipsius
1949 4605 2134 4674 vinee
2193 4603 2332 4673 sine
2374 4601 2706 4694 participio

461 4719 757 4791 canonici
799 4742 912 4811 per
953 4717 1225 4810 primum
1256 4716 1608 4788 triennium
1644 4719 1894 4808 integre
1937 4731 2379 4808 percepturus,
2416 4717 2503 4785 Ad
2531 4719 2706 4807 pian-
