<?xml version="1.0" encoding="UTF-8"?>
<!DOCTYPE html PUBLIC "-//W3C//DTD XHTML 1.0 Transitional//EN"
    "http://www.w3.org/TR/xhtml1/DTD/xhtml1-transitional.dtd">
<html xmlns="http://www.w3.org/1999/xhtml" xml:lang="en" lang="en">
 <head>
  <title>
</title>
<meta http-equiv="Content-Type" content="text/html;charset=utf-8" />
  <meta name='ocr-system' content='tesseract 3.04.00' />
  <meta name='ocr-capabilities' content='ocr_page ocr_carea ocr_par ocr_line ocrx_word'/>
</head>
<body>
  <div class='ocr_page' id='page_1' title='image "./cartulairedesai00thilgoog_0679.png"; bbox 0 0 3485 5571; ppageno 0'>
   <div class='ocr_carea' id='block_1_1' title="bbox 1326 656 1685 731">
    <p class='ocr_par' dir='ltr' id='par_1_1' title="bbox 1326 656 1685 731">
     <span class='ocr_line' id='line_1_1' title="bbox 1326 656 1685 731; baseline -0.003 0"><span class='ocrx_word' id='word_1_1' title='bbox 1326 656 1685 731; x_wconf 73' lang='lat'>-497-</span> 
     </span>
    </p>
   </div>
   <div class='ocr_carea' id='block_1_2' title="bbox 353 784 2634 2481">
    <p class='ocr_par' dir='ltr' id='par_1_2' title="bbox 353 784 2634 2481">
     <span class='ocr_line' id='line_1_2' title="bbox 359 784 2627 889; baseline 0.003 -26"><span class='ocrx_word' id='word_1_2' title='bbox 359 806 586 884; x_wconf 84' lang='lat' dir='ltr'><strong>quart,</strong></span> <span class='ocrx_word' id='word_1_3' title='bbox 626 807 690 865; x_wconf 92' lang='lat' dir='ltr'><strong>et</strong></span> <span class='ocrx_word' id='word_1_4' title='bbox 749 811 864 886; x_wconf 82' lang='lat' dir='ltr'><strong>par</strong></span> <span class='ocrx_word' id='word_1_5' title='bbox 925 796 1157 868; x_wconf 87' lang='lat' dir='ltr'><strong>dessus</strong></span> <span class='ocrx_word' id='word_1_6' title='bbox 1202 799 1281 868; x_wconf 93' lang='lat' dir='ltr'><strong>de</strong></span> <span class='ocrx_word' id='word_1_7' title='bbox 1340 810 1559 868; x_wconf 89' lang='lat' dir='ltr'><strong>nostre</strong></span> <span class='ocrx_word' id='word_1_8' title='bbox 1615 799 1922 887; x_wconf 81' lang='lat' dir='ltr'><strong>seigneur</strong></span> <span class='ocrx_word' id='word_1_9' title='bbox 1972 793 2030 869; x_wconf 90' lang='lat' dir='ltr'><strong>le</strong></span> <span class='ocrx_word' id='word_1_10' title='bbox 2094 820 2250 889; x_wconf 84' lang='lat' dir='ltr'><strong>roy;</strong></span> <span class='ocrx_word' id='word_1_11' title='bbox 2314 784 2627 889; x_wconf 86' lang='lat' dir='ltr'><strong>desquels</strong></span> 
     </span>
     <span class='ocr_line' id='line_1_3' title="bbox 356 907 2626 1003; baseline 0.003 -26"><span class='ocrx_word' id='word_1_12' title='bbox 356 921 594 997; x_wconf 87' lang='lat' dir='ltr'><strong>quatre</strong></span> <span class='ocrx_word' id='word_1_13' title='bbox 648 907 990 999; x_wconf 86' lang='lat' dir='ltr'><strong>seigneurs</strong></span> <span class='ocrx_word' id='word_1_14' title='bbox 1044 910 1084 981; x_wconf 89' lang='lat' dir='ltr'><strong>il</strong></span> <span class='ocrx_word' id='word_1_15' title='bbox 1146 910 1331 982; x_wconf 85' lang='lat' dir='ltr'><strong>bailla</strong></span> <span class='ocrx_word' id='word_1_16' title='bbox 1381 910 1558 982; x_wconf 86' lang='lat' dir='ltr'><strong>audit</strong></span> <span class='ocrx_word' id='word_1_17' title='bbox 1623 934 1972 1002; x_wconf 89' lang='lat' dir='ltr'><strong>procureur</strong></span> <span class='ocrx_word' id='word_1_18' title='bbox 2027 914 2111 982; x_wconf 94' lang='lat' dir='ltr'><strong>du</strong></span> <span class='ocrx_word' id='word_1_19' title='bbox 2171 914 2377 1003; x_wconf 88' lang='lat' dir='ltr'><strong>doyen</strong></span> <span class='ocrx_word' id='word_1_20' title='bbox 2439 926 2502 983; x_wconf 91' lang='lat' dir='ltr'><strong>et</strong></span> <span class='ocrx_word' id='word_1_21' title='bbox 2542 914 2626 983; x_wconf 93' lang='lat' dir='ltr'><strong>du</strong></span> 
     </span>
     <span class='ocr_line' id='line_1_4' title="bbox 353 1019 2626 1117; baseline 0.002 -24"><span class='ocrx_word' id='word_1_22' title='bbox 353 1019 652 1113; x_wconf 82' lang='lat' dir='ltr'><strong>chapitre</strong></span> <span class='ocrx_word' id='word_1_23' title='bbox 694 1026 913 1095; x_wconf 87' lang='lat' dir='ltr'><strong>lettres</strong></span> <span class='ocrx_word' id='word_1_24' title='bbox 938 1024 1621 1107; x_wconf 82' lang='lat' dir='ltr'><strong>d&#39;ammortissement,</strong></span> <span class='ocrx_word' id='word_1_25' title='bbox 1665 1041 1727 1096; x_wconf 90' lang='lat' dir='ltr'><strong>et</strong></span> <span class='ocrx_word' id='word_1_26' title='bbox 1770 1025 2039 1117; x_wconf 83' lang='lat' dir='ltr'><strong>promist</strong></span> <span class='ocrx_word' id='word_1_27' title='bbox 2083 1028 2424 1116; x_wconf 83' lang='lat' dir='ltr'><strong>pardevant</strong></span> <span class='ocrx_word' id='word_1_28' title='bbox 2458 1050 2626 1097; x_wconf 89' lang='lat' dir='ltr'><strong>nous</strong></span> 
     </span>
     <span class='ocr_line' id='line_1_5' title="bbox 355 1136 2627 1233; baseline 0.002 -26"><span class='ocrx_word' id='word_1_29' title='bbox 355 1136 546 1207; x_wconf 83' lang='lat' dir='ltr'><strong>audit</strong></span> <span class='ocrx_word' id='word_1_30' title='bbox 591 1159 967 1228; x_wconf 82' lang='lat' dir='ltr'><strong>procureur,</strong></span> <span class='ocrx_word' id='word_1_31' title='bbox 1011 1162 1091 1212; x_wconf 91' lang='lat' dir='ltr'><strong>en</strong></span> <span class='ocrx_word' id='word_1_32' title='bbox 1134 1163 1285 1211; x_wconf 90' lang='lat' dir='ltr'><strong>nom</strong></span> <span class='ocrx_word' id='word_1_33' title='bbox 1333 1141 1581 1212; x_wconf 89' lang='lat' dir='ltr'><strong>desdits</strong></span> <span class='ocrx_word' id='word_1_34' title='bbox 1645 1143 1850 1231; x_wconf 83' lang='lat' dir='ltr'><strong>doyen</strong></span> <span class='ocrx_word' id='word_1_35' title='bbox 1915 1154 1978 1212; x_wconf 86' lang='lat' dir='ltr'><strong>et</strong></span> <span class='ocrx_word' id='word_1_36' title='bbox 2035 1139 2345 1231; x_wconf 82' lang='lat' dir='ltr'><strong>chapitre,</strong></span> <span class='ocrx_word' id='word_1_37' title='bbox 2391 1163 2516 1232; x_wconf 92' lang='lat' dir='ltr'><strong>que</strong></span> <span class='ocrx_word' id='word_1_38' title='bbox 2555 1165 2627 1233; x_wconf 85' lang='lat' dir='ltr'><strong>sy</strong></span> 
     </span>
     <span class='ocr_line' id='line_1_6' title="bbox 354 1250 2628 1345; baseline 0.003 -27"><span class='ocrx_word' id='word_1_39' title='bbox 354 1271 614 1319; x_wconf 83' lang='lat' dir='ltr'>aucuns</span> <span class='ocrx_word' id='word_1_40' title='bbox 644 1252 884 1322; x_wconf 82' lang='lat' dir='ltr'><strong>aultres</strong></span> <span class='ocrx_word' id='word_1_41' title='bbox 934 1253 1274 1343; x_wconf 87' lang='lat' dir='ltr'><strong>seigneurs</strong></span> <span class='ocrx_word' id='word_1_42' title='bbox 1333 1250 1637 1323; x_wconf 88' lang='lat' dir='ltr'><strong>vendoint</strong></span> <span class='ocrx_word' id='word_1_43' title='bbox 1686 1274 1770 1323; x_wconf 90' lang='lat' dir='ltr'><strong>ou</strong></span> <span class='ocrx_word' id='word_1_44' title='bbox 1811 1251 2100 1324; x_wconf 89' lang='lat' dir='ltr'><strong>deissent</strong></span> <span class='ocrx_word' id='word_1_45' title='bbox 2140 1253 2286 1345; x_wconf 77' lang='lat' dir='ltr'><strong>(sic)</strong></span> <span class='ocrx_word' id='word_1_46' title='bbox 2329 1252 2628 1345; x_wconf 90' lang='lat' dir='ltr'><strong>puissent</strong></span> 
     </span>
     <span class='ocr_line' id='line_1_7' title="bbox 357 1360 2627 1459; baseline 0.003 -28"><span class='ocrx_word' id='word_1_47' title='bbox 357 1360 502 1433; x_wconf 92' lang='lat' dir='ltr'><strong>dire</strong></span> <span class='ocrx_word' id='word_1_48' title='bbox 569 1385 679 1454; x_wconf 87' lang='lat' dir='ltr'><strong>par</strong></span> <span class='ocrx_word' id='word_1_49' title='bbox 735 1365 939 1435; x_wconf 84' lang='lat' dir='ltr'>adven</span> <span class='ocrx_word' id='word_1_50' title='bbox 1001 1388 1084 1435; x_wconf 94' lang='lat' dir='ltr'><strong>ou</strong></span> <span class='ocrx_word' id='word_1_51' title='bbox 1149 1386 1262 1457; x_wconf 82' lang='lat' dir='ltr'><strong>par</strong></span> <span class='ocrx_word' id='word_1_52' title='bbox 1311 1369 1542 1437; x_wconf 81' lang='lat' dir='ltr'><strong>aultre·</strong></span> <span class='ocrx_word' id='word_1_53' title='bbox 1580 1369 1869 1437; x_wconf 88' lang='lat' dir='ltr'><strong>maniere</strong></span> <span class='ocrx_word' id='word_1_54' title='bbox 1919 1388 2043 1456; x_wconf 93' lang='lat' dir='ltr'><strong>que</strong></span> <span class='ocrx_word' id='word_1_55' title='bbox 2099 1366 2328 1437; x_wconf 87' lang='lat' dir='ltr'><strong>lesdits</strong></span> <span class='ocrx_word' id='word_1_56' title='bbox 2365 1366 2627 1459; x_wconf 83' lang='lat' dir='ltr'><strong>peaiges</strong></span> 
     </span>
     <span class='ocr_line' id='line_1_8' title="bbox 354 1480 2624 1572; baseline 0.003 -26"><span class='ocrx_word' id='word_1_57' title='bbox 354 1490 700 1547; x_wconf 90' lang='lat' dir='ltr'><strong>meussent</strong></span> <span class='ocrx_word' id='word_1_58' title='bbox 766 1480 951 1549; x_wconf 81' lang='lat' dir='ltr'><strong>d&#39;eux</strong></span> <span class='ocrx_word' id='word_1_59' title='bbox 991 1492 1056 1550; x_wconf 91' lang='lat' dir='ltr'><strong>et</strong></span> <span class='ocrx_word' id='word_1_60' title='bbox 1099 1501 1180 1549; x_wconf 90' lang='lat' dir='ltr'><strong>eu</strong></span> <span class='ocrx_word' id='word_1_61' title='bbox 1204 1494 1503 1551; x_wconf 90' lang='lat' dir='ltr'><strong>meusent</strong></span> <span class='ocrx_word' id='word_1_62' title='bbox 1541 1493 1813 1551; x_wconf 91' lang='lat' dir='ltr'><strong>contens</strong></span> <span class='ocrx_word' id='word_1_63' title='bbox 1847 1480 2096 1551; x_wconf 78' lang='lat' dir='ltr'><strong>ausdits</strong></span> <span class='ocrx_word' id='word_1_64' title='bbox 2143 1482 2348 1572; x_wconf 88' lang='lat' dir='ltr'><strong>doyen</strong></span> <span class='ocrx_word' id='word_1_65' title='bbox 2381 1495 2445 1552; x_wconf 88' lang='lat' dir='ltr'><strong>et</strong></span> <span class='ocrx_word' id='word_1_66' title='bbox 2474 1483 2624 1552; x_wconf 87' lang='lat' dir='ltr'><strong>cha·</strong></span> 
     </span>
     <span class='ocr_line' id='line_1_9' title="bbox 359 1589 2628 1685; baseline 0.003 -27"><span class='ocrx_word' id='word_1_67' title='bbox 359 1589 569 1681; x_wconf 86' lang='lat' dir='ltr'><strong>pistre</strong></span> <span class='ocrx_word' id='word_1_68' title='bbox 608 1612 688 1662; x_wconf 95' lang='lat' dir='ltr'><strong>en</strong></span> <span class='ocrx_word' id='word_1_69' title='bbox 718 1594 994 1683; x_wconf 81' lang='lat' dir='ltr'><strong>quelque</strong></span> <span class='ocrx_word' id='word_1_70' title='bbox 1028 1592 1313 1665; x_wconf 81' lang='lat' dir='ltr'><strong>maniere</strong></span> <span class='ocrx_word' id='word_1_71' title='bbox 1363 1617 1488 1683; x_wconf 92' lang='lat' dir='ltr'><strong>que</strong></span> <span class='ocrx_word' id='word_1_72' title='bbox 1539 1616 1613 1665; x_wconf 93' lang='lat' dir='ltr'><strong>ce</strong></span> <span class='ocrx_word' id='word_1_73' title='bbox 1674 1599 1829 1679; x_wconf 83' lang='lat' dir='ltr'><strong>lust,</strong></span> <span class='ocrx_word' id='word_1_74' title='bbox 1872 1617 1996 1685; x_wconf 92' lang='lat' dir='ltr'><strong>que</strong></span> <span class='ocrx_word' id='word_1_75' title='bbox 2056 1594 2096 1663; x_wconf 90' lang='lat' dir='ltr'><strong>il</strong></span> <span class='ocrx_word' id='word_1_76' title='bbox 2138 1597 2233 1665; x_wconf 92' lang='lat' dir='ltr'><strong>les</strong></span> <span class='ocrx_word' id='word_1_77' title='bbox 2272 1618 2353 1666; x_wconf 91' lang='lat' dir='ltr'><strong>en</strong></span> <span class='ocrx_word' id='word_1_78' title='bbox 2386 1597 2628 1667; x_wconf 79' lang='lat' dir='ltr'><strong>deffen-</strong></span> 
     </span>
     <span class='ocr_line' id='line_1_10' title="bbox 360 1701 2631 1799; baseline 0.002 -26"><span class='ocrx_word' id='word_1_79' title='bbox 360 1701 538 1774; x_wconf 88' lang='lat' dir='ltr'><strong>droit</strong></span> <span class='ocrx_word' id='word_1_80' title='bbox 577 1726 613 1774; x_wconf 83' lang='lat' dir='ltr'><strong>a</strong></span> <span class='ocrx_word' id='word_1_81' title='bbox 667 1727 774 1775; x_wconf 89' lang='lat' dir='ltr'><strong>ses</strong></span> <span class='ocrx_word' id='word_1_82' title='bbox 810 1728 1079 1797; x_wconf 90' lang='lat' dir='ltr'><strong>propres</strong></span> <span class='ocrx_word' id='word_1_83' title='bbox 1118 1722 1339 1779; x_wconf 88' lang='lat' dir='ltr'><strong>cousts</strong></span> <span class='ocrx_word' id='word_1_84' title='bbox 1390 1721 1456 1778; x_wconf 93' lang='lat' dir='ltr'><strong>et</strong></span> <span class='ocrx_word' id='word_1_85' title='bbox 1495 1709 1804 1799; x_wconf 88' lang='lat' dir='ltr'><strong>despens‚</strong></span> <span class='ocrx_word' id='word_1_86' title='bbox 1845 1721 1910 1778; x_wconf 92' lang='lat' dir='ltr'><strong>et</strong></span> <span class='ocrx_word' id='word_1_87' title='bbox 1948 1704 2304 1778; x_wconf 86' lang='lat' dir='ltr'><strong>amortiroit</strong></span> <span class='ocrx_word' id='word_1_88' title='bbox 2342 1721 2406 1778; x_wconf 93' lang='lat' dir='ltr'><strong>et</strong></span> <span class='ocrx_word' id='word_1_89' title='bbox 2446 1708 2631 1779; x_wconf 85' lang='lat' dir='ltr'><strong>feroit</strong></span> 
     </span>
     <span class='ocr_line' id='line_1_11' title="bbox 360 1815 2629 1911; baseline 0.002 -25"><span class='ocrx_word' id='word_1_90' title='bbox 360 1815 636 1888; x_wconf 84' lang='lat' dir='ltr'><strong>amortir</strong></span> <span class='ocrx_word' id='word_1_91' title='bbox 695 1817 920 1894; x_wconf 85' lang='lat' dir='ltr'><strong>lesdits</strong></span> <span class='ocrx_word' id='word_1_92' title='bbox 955 1819 1215 1911; x_wconf 83' lang='lat' dir='ltr'><strong>peaiges</strong></span> <span class='ocrx_word' id='word_1_93' title='bbox 1255 1824 1334 1892; x_wconf 90' lang='lat' dir='ltr'><strong>de</strong></span> <span class='ocrx_word' id='word_1_94' title='bbox 1375 1835 1521 1891; x_wconf 93' lang='lat' dir='ltr'><strong>tous</strong></span> <span class='ocrx_word' id='word_1_95' title='bbox 1574 1842 1732 1892; x_wconf 86' lang='lat' dir='ltr'><strong>ceux</strong></span> <span class='ocrx_word' id='word_1_96' title='bbox 1770 1822 1850 1891; x_wconf 89' lang='lat' dir='ltr'><strong>de</strong></span> <span class='ocrx_word' id='word_1_97' title='bbox 1894 1819 2000 1909; x_wconf 90' lang='lat' dir='ltr'><strong>qui</strong></span> <span class='ocrx_word' id='word_1_98' title='bbox 2062 1819 2101 1890; x_wconf 87' lang='lat' dir='ltr'><strong>il</strong></span> <span class='ocrx_word' id='word_1_99' title='bbox 2152 1818 2405 1911; x_wconf 89' lang='lat' dir='ltr'><strong>pouroit</strong></span> <span class='ocrx_word' id='word_1_100' title='bbox 2456 1835 2629 1891; x_wconf 90' lang='lat' dir='ltr'><strong>estre</strong></span> 
     </span>
     <span class='ocr_line' id='line_1_12' title="bbox 364 1931 2629 2025; baseline 0.002 -27"><span class='ocrx_word' id='word_1_101' title='bbox 364 1932 596 2000; x_wconf 73' lang='lat' dir='ltr'><strong>trouve</strong></span> <span class='ocrx_word' id='word_1_102' title='bbox 621 1953 745 2021; x_wconf 92' lang='lat' dir='ltr'><strong>que</strong></span> <span class='ocrx_word' id='word_1_103' title='bbox 769 1932 994 2003; x_wconf 89' lang='lat' dir='ltr'><strong>lesdits</strong></span> <span class='ocrx_word' id='word_1_104' title='bbox 1036 1931 1293 2025; x_wconf 83' lang='lat' dir='ltr'><strong>peaiges</strong></span> <span class='ocrx_word' id='word_1_105' title='bbox 1320 1946 1641 2019; x_wconf 87' lang='lat' dir='ltr'><strong>meusent,</strong></span> <span class='ocrx_word' id='word_1_106' title='bbox 1712 1936 1949 2004; x_wconf 88' lang='lat' dir='ltr'><strong>aultres</strong></span> <span class='ocrx_word' id='word_1_107' title='bbox 1979 1956 2106 2025; x_wconf 91' lang='lat' dir='ltr'><strong>que</strong></span> <span class='ocrx_word' id='word_1_108' title='bbox 2133 1932 2358 2005; x_wconf 88' lang='lat' dir='ltr'><strong>lesdits</strong></span> <span class='ocrx_word' id='word_1_109' title='bbox 2379 1948 2629 2025; x_wconf 88' lang='lat' dir='ltr'><strong>quattre</strong></span> 
     </span>
     <span class='ocr_line' id='line_1_13' title="bbox 367 2042 2631 2139; baseline 0.003 -27"><span class='ocrx_word' id='word_1_110' title='bbox 367 2042 714 2134; x_wconf 88' lang='lat' dir='ltr'><strong>seigneurs</strong></span> <span class='ocrx_word' id='word_1_111' title='bbox 750 2046 1137 2129; x_wconf 87' lang='lat' dir='ltr'><strong>dessusdits,</strong></span> <span class='ocrx_word' id='word_1_112' title='bbox 1183 2063 1247 2118; x_wconf 89' lang='lat' dir='ltr'><strong>et</strong></span> <span class='ocrx_word' id='word_1_113' title='bbox 1286 2050 1344 2117; x_wconf 94' lang='lat' dir='ltr'><strong>le</strong></span> <span class='ocrx_word' id='word_1_114' title='bbox 1382 2047 1606 2139; x_wconf 88' lang='lat' dir='ltr'><strong>peaige</strong></span> <span class='ocrx_word' id='word_1_115' title='bbox 1639 2049 1720 2118; x_wconf 90' lang='lat' dir='ltr'><strong>de</strong></span> <span class='ocrx_word' id='word_1_116' title='bbox 1757 2049 2309 2119; x_wconf 81' lang='lat' dir='ltr'><strong>Chasteaulandon</strong></span> <span class='ocrx_word' id='word_1_117' title='bbox 2354 2045 2395 2117; x_wconf 92' lang='lat' dir='ltr'><strong>il</strong></span> <span class='ocrx_word' id='word_1_118' title='bbox 2436 2046 2631 2118; x_wconf 89' lang='lat' dir='ltr'><strong>disoit</strong></span> 
     </span>
     <span class='ocr_line' id='line_1_14' title="bbox 369 2156 2633 2252; baseline 0.002 -25"><span class='ocrx_word' id='word_1_119' title='bbox 369 2178 500 2247; x_wconf 93' lang='lat' dir='ltr'><strong>que</strong></span> <span class='ocrx_word' id='word_1_120' title='bbox 534 2156 579 2227; x_wconf 90' lang='lat' dir='ltr'><strong>il</strong></span> <span class='ocrx_word' id='word_1_121' title='bbox 620 2158 904 2231; x_wconf 89' lang='lat' dir='ltr'><strong>mouvoit</strong></span> <span class='ocrx_word' id='word_1_122' title='bbox 938 2162 1023 2230; x_wconf 90' lang='lat' dir='ltr'><strong>du</strong></span> <span class='ocrx_word' id='word_1_123' title='bbox 1057 2184 1170 2252; x_wconf 83' lang='lat' dir='ltr'><strong>roy</strong></span> <span class='ocrx_word' id='word_1_124' title='bbox 1199 2163 1278 2232; x_wconf 93' lang='lat' dir='ltr'><strong>de</strong></span> <span class='ocrx_word' id='word_1_125' title='bbox 1317 2165 1556 2232; x_wconf 86' lang='lat' dir='ltr'><strong>France</strong></span> <span class='ocrx_word' id='word_1_126' title='bbox 1587 2164 1973 2245; x_wconf 81' lang='lat' dir='ltr'><strong>seulement,</strong></span> <span class='ocrx_word' id='word_1_127' title='bbox 2015 2176 2080 2233; x_wconf 85' lang='lat' dir='ltr'><strong>et</strong></span> <span class='ocrx_word' id='word_1_128' title='bbox 2127 2184 2208 2233; x_wconf 92' lang='lat' dir='ltr'><strong>en</strong></span> <span class='ocrx_word' id='word_1_129' title='bbox 2240 2160 2425 2232; x_wconf 83' lang='lat' dir='ltr'><strong>bailla</strong></span> <span class='ocrx_word' id='word_1_130' title='bbox 2455 2160 2633 2232; x_wconf 84' lang='lat' dir='ltr'><strong>audit</strong></span> 
     </span>
     <span class='ocr_line' id='line_1_15' title="bbox 372 2274 2630 2367; baseline 0.002 -27"><span class='ocrx_word' id='word_1_131' title='bbox 372 2293 752 2360; x_wconf 82' lang='lat' dir='ltr'><strong>procureur,</strong></span> <span class='ocrx_word' id='word_1_132' title='bbox 796 2296 876 2344; x_wconf 93' lang='lat' dir='ltr'><strong>en</strong></span> <span class='ocrx_word' id='word_1_133' title='bbox 910 2297 1059 2345; x_wconf 92' lang='lat' dir='ltr'><strong>nom</strong></span> <span class='ocrx_word' id='word_1_134' title='bbox 1102 2274 1349 2346; x_wconf 89' lang='lat' dir='ltr'><strong>desdits</strong></span> <span class='ocrx_word' id='word_1_135' title='bbox 1389 2277 1594 2367; x_wconf 89' lang='lat' dir='ltr'><strong>doyen</strong></span> <span class='ocrx_word' id='word_1_136' title='bbox 1653 2289 1718 2346; x_wconf 95' lang='lat' dir='ltr'><strong>et</strong></span> <span class='ocrx_word' id='word_1_137' title='bbox 1771 2277 2084 2366; x_wconf 87' lang='lat' dir='ltr'><strong>chapitre‚</strong></span> <span class='ocrx_word' id='word_1_138' title='bbox 2140 2299 2267 2347; x_wconf 92' lang='lat' dir='ltr'><strong>une</strong></span> <span class='ocrx_word' id='word_1_139' title='bbox 2321 2278 2506 2347; x_wconf 88' lang='lat' dir='ltr'><strong>lettre</strong></span> <span class='ocrx_word' id='word_1_140' title='bbox 2546 2278 2630 2345; x_wconf 90' lang='lat' dir='ltr'><strong>du</strong></span> 
     </span>
     <span class='ocr_line' id='line_1_16' title="bbox 368 2388 2634 2481; baseline 0.003 -26"><span class='ocrx_word' id='word_1_141' title='bbox 368 2407 483 2477; x_wconf 80' lang='lat' dir='ltr'><strong>roy</strong></span> <span class='ocrx_word' id='word_1_142' title='bbox 515 2388 600 2458; x_wconf 91' lang='lat' dir='ltr'><strong>de</strong></span> <span class='ocrx_word' id='word_1_143' title='bbox 627 2388 906 2468; x_wconf 48' lang='lat' dir='ltr'><strong>Franeess</strong></span> <span class='ocrx_word' id='word_1_144' title='bbox 939 2391 1176 2459; x_wconf 78' lang='lat' dir='ltr'><strong>scellee</strong></span> <span class='ocrx_word' id='word_1_145' title='bbox 1213 2391 1298 2459; x_wconf 90' lang='lat' dir='ltr'><strong>du</strong></span> <span class='ocrx_word' id='word_1_146' title='bbox 1327 2392 1458 2460; x_wconf 87' lang='lat' dir='ltr'><strong>scel</strong></span> <span class='ocrx_word' id='word_1_147' title='bbox 1487 2392 1570 2459; x_wconf 93' lang='lat' dir='ltr'><strong>du</strong></span> <span class='ocrx_word' id='word_1_148' title='bbox 1599 2412 1709 2481; x_wconf 89' lang='lat' dir='ltr'><strong>roy</strong></span> <span class='ocrx_word' id='word_1_149' title='bbox 1735 2412 1816 2461; x_wconf 92' lang='lat' dir='ltr'><strong>en</strong></span> <span class='ocrx_word' id='word_1_150' title='bbox 1845 2391 1977 2461; x_wconf 89' lang='lat' dir='ltr'><strong>cire</strong></span> <span class='ocrx_word' id='word_1_151' title='bbox 2003 2402 2176 2462; x_wconf 84' lang='lat' dir='ltr'><strong>verte</strong></span> <span class='ocrx_word' id='word_1_152' title='bbox 2198 2404 2264 2461; x_wconf 95' lang='lat' dir='ltr'><strong>et</strong></span> <span class='ocrx_word' id='word_1_153' title='bbox 2289 2412 2370 2462; x_wconf 91' lang='lat' dir='ltr'><strong>en</strong></span> <span class='ocrx_word' id='word_1_154' title='bbox 2395 2392 2527 2461; x_wconf 87' lang='lat' dir='ltr'><strong>lacs</strong></span> <span class='ocrx_word' id='word_1_155' title='bbox 2554 2391 2634 2461; x_wconf 92' lang='lat' dir='ltr'><strong>de</strong></span> 
     </span>
    </p>
   </div>
   <div class='ocr_carea' id='block_1_3' title="bbox 375 2746 2642 4789">
    <p class='ocr_par' dir='ltr' id='par_1_3' title="bbox 375 2746 2633 2894">
     <span class='ocr_line' id='line_1_17' title="bbox 444 2746 2633 2823; baseline 0 -19"><span class='ocrx_word' id='word_1_156' title='bbox 444 2746 464 2782; x_wconf 92' lang='lat'>¹</span> <span class='ocrx_word' id='word_1_157' title='bbox 499 2748 613 2804; x_wconf 88' lang='lat' dir='ltr'><strong>Par</strong></span> <span class='ocrx_word' id='word_1_158' title='bbox 641 2748 833 2804; x_wconf 82' lang='lat' dir='ltr'><strong>lettres</strong></span> <span class='ocrx_word' id='word_1_159' title='bbox 861 2747 931 2804; x_wconf 89' lang='lat' dir='ltr'><strong>de</strong></span> <span class='ocrx_word' id='word_1_160' title='bbox 963 2765 1113 2805; x_wconf 87' lang='lat' dir='ltr'><strong>mars</strong></span> <span class='ocrx_word' id='word_1_161' title='bbox 1142 2747 1304 2814; x_wconf 77' lang='lat'><strong>1296,</strong></span> <span class='ocrx_word' id='word_1_162' title='bbox 1337 2750 1595 2823; x_wconf 87' lang='lat' dir='ltr'><strong>Philippe</strong></span> <span class='ocrx_word' id='word_1_163' title='bbox 1626 2750 1679 2807; x_wconf 92' lang='lat' dir='ltr'><strong>le</strong></span> <span class='ocrx_word' id='word_1_164' title='bbox 1709 2751 1807 2807; x_wconf 77' lang='lat' dir='ltr'><strong>Bel</strong></span> <span class='ocrx_word' id='word_1_165' title='bbox 1836 2750 1977 2806; x_wconf 84' lang='lat' dir='ltr'><strong>avait</strong></span> <span class='ocrx_word' id='word_1_166' title='bbox 2008 2749 2254 2807; x_wconf 74' lang='lat' dir='ltr'><strong>autorise</strong></span> <span class='ocrx_word' id='word_1_167' title='bbox 2276 2753 2418 2805; x_wconf 87' lang='lat' dir='ltr'><strong>cette</strong></span> <span class='ocrx_word' id='word_1_168' title='bbox 2435 2754 2633 2816; x_wconf 79' lang='lat' dir='ltr'><strong>vente3</strong></span> 
     </span>
     <span class='ocr_line' id='line_1_18' title="bbox 375 2837 913 2894; baseline 0.007 -6"><span class='ocrx_word' id='word_1_169' title='bbox 375 2837 521 2892; x_wconf 86' lang='lat' dir='ltr'><strong>voici</strong></span> <span class='ocrx_word' id='word_1_170' title='bbox 550 2854 645 2892; x_wconf 89' lang='lat' dir='ltr'><strong>ces</strong></span> <span class='ocrx_word' id='word_1_171' title='bbox 672 2838 873 2892; x_wconf 71' lang='lat' dir='ltr'><strong>lettres·</strong></span> <span class='ocrx_word' id='word_1_172' title='bbox 899 2853 913 2894; x_wconf 89' lang='lat'>:</span> 
     </span>
    </p>

    <p class='ocr_par' dir='ltr' id='par_1_4' title="bbox 378 2927 2639 4598">
     <span class='ocr_line' id='line_1_19' title="bbox 453 2927 2628 2999; baseline 0.001 -19"><span class='ocrx_word' id='word_1_173' title='bbox 453 2944 480 2980; x_wconf 72' lang='grc' dir='ltr'>ι</span> <span class='ocrx_word' id='word_1_174' title='bbox 525 2927 845 2999; x_wconf 74' lang='lat' dir='ltr'><strong>Philippu8‚</strong></span> <span class='ocrx_word' id='word_1_175' title='bbox 877 2927 979 2982; x_wconf 89' lang='lat' dir='ltr'><strong>Dei</strong></span> <span class='ocrx_word' id='word_1_176' title='bbox 1031 2930 1207 2998; x_wconf 86' lang='lat' dir='ltr'><strong>gratia</strong></span> <span class='ocrx_word' id='word_1_177' title='bbox 1252 2931 1597 2985; x_wconf 84' lang='lat' dir='ltr'><strong>Francorum</strong></span> <span class='ocrx_word' id='word_1_178' title='bbox 1642 2947 1760 2986; x_wconf 85' lang='lat' dir='ltr'><strong>rex.</strong></span> <span class='ocrx_word' id='word_1_179' title='bbox 1813 2931 2020 2986; x_wconf 88' lang='lat' dir='ltr'><strong>Notum</strong></span> <span class='ocrx_word' id='word_1_180' title='bbox 2067 2930 2307 2985; x_wconf 75' lang='lat' dir='ltr'><strong>facimus</strong></span> <span class='ocrx_word' id='word_1_181' title='bbox 2353 2929 2628 2985; x_wconf 86' lang='lat' dir='ltr'><strong>universis</strong></span> 
     </span>
     <span class='ocr_line' id='line_1_20' title="bbox 378 3008 2630 3091; baseline 0.001 -22"><span class='ocrx_word' id='word_1_182' title='bbox 378 3021 489 3071; x_wconf 86' lang='lat' dir='ltr'><strong>tam</strong></span> <span class='ocrx_word' id='word_1_183' title='bbox 525 3018 882 3088; x_wconf 75' lang='lat' dir='ltr'><strong>presentibus</strong></span> <span class='ocrx_word' id='word_1_184' title='bbox 910 3034 1080 3088; x_wconf 88' lang='lat' dir='ltr'><strong>quam</strong></span> <span class='ocrx_word' id='word_1_185' title='bbox 1127 3018 1328 3075; x_wconf 81' lang='lat' dir='ltr'><strong>suturis</strong></span> <span class='ocrx_word' id='word_1_186' title='bbox 1359 3020 1511 3091; x_wconf 89' lang='lat' dir='ltr'><strong>quod</strong></span> <span class='ocrx_word' id='word_1_187' title='bbox 1541 3037 1644 3075; x_wconf 89' lang='lat' dir='ltr'><strong>nos</strong></span> <span class='ocrx_word' id='word_1_188' title='bbox 1687 3022 1889 3076; x_wconf 69' lang='lat' dir='ltr'><strong>,loanni</strong></span> <span class='ocrx_word' id='word_1_189' title='bbox 1917 3020 1986 3075; x_wconf 92' lang='lat' dir='ltr'><strong>de</strong></span> <span class='ocrx_word' id='word_1_190' title='bbox 2016 3008 2192 3091; x_wconf 44' lang='lat' dir='ltr'><strong>Palm*</strong></span> <span class='ocrx_word' id='word_1_191' title='bbox 2217 3019 2383 3074; x_wconf 89' lang='lat' dir='ltr'><strong>militi</strong></span> <span class='ocrx_word' id='word_1_192' title='bbox 2413 3024 2630 3086; x_wconf 80' lang='lat' dir='ltr'><strong>nostru,</strong></span> 
     </span>
     <span class='ocr_line' id='line_1_21' title="bbox 378 3108 2638 3181; baseline 0.001 -22"><span class='ocrx_word' id='word_1_193' title='bbox 378 3108 769 3162; x_wconf 83' lang='lat' dir='ltr'><strong>concessimus</strong></span> <span class='ocrx_word' id='word_1_194' title='bbox 814 3123 878 3161; x_wconf 89' lang='lat' dir='ltr'><strong>ex</strong></span> <span class='ocrx_word' id='word_1_195' title='bbox 916 3108 1094 3177; x_wconf 83' lang='lat' dir='ltr'><strong>gratia</strong></span> <span class='ocrx_word' id='word_1_196' title='bbox 1122 3110 1350 3180; x_wconf 88' lang='lat' dir='ltr'><strong>speciali</strong></span> <span class='ocrx_word' id='word_1_197' title='bbox 1394 3109 1545 3181; x_wconf 86' lang='lat' dir='ltr'><strong>quod</strong></span> <span class='ocrx_word' id='word_1_198' title='bbox 1595 3111 1721 3181; x_wconf 90' lang='lat' dir='ltr'><strong>ipse</strong></span> <span class='ocrx_word' id='word_1_199' title='bbox 1765 3110 2066 3180; x_wconf 86' lang='lat' dir='ltr'><strong>pedagium</strong></span> <span class='ocrx_word' id='word_1_200' title='bbox 2097 3126 2261 3164; x_wconf 91' lang='lat' dir='ltr'><strong>suum</strong></span> <span class='ocrx_word' id='word_1_201' title='bbox 2289 3108 2439 3179; x_wconf 87' lang='lat' dir='ltr'><strong>quod</strong></span> <span class='ocrx_word' id='word_1_202' title='bbox 2468 3108 2638 3162; x_wconf 87' lang='lat' dir='ltr'><strong>habet</strong></span> 
     </span>
     <span class='ocr_line' id='line_1_22' title="bbox 379 3196 2636 3270; baseline 0.002 -22"><span class='ocrx_word' id='word_1_203' title='bbox 379 3198 531 3265; x_wconf 87' lang='lat' dir='ltr'><strong>apud</strong></span> <span class='ocrx_word' id='word_1_204' title='bbox 562 3196 850 3253; x_wconf 86' lang='lat' dir='ltr'><strong>Ferrarias</strong></span> <span class='ocrx_word' id='word_1_205' title='bbox 897 3205 953 3255; x_wconf 89' lang='lat' dir='ltr'><strong>et</strong></span> <span class='ocrx_word' id='word_1_206' title='bbox 986 3199 1279 3268; x_wconf 78' lang='lat' dir='ltr'><strong>DordivaS,</strong></span> <span class='ocrx_word' id='word_1_207' title='bbox 1331 3200 1483 3270; x_wconf 88' lang='lat' dir='ltr'><strong>quod</strong></span> <span class='ocrx_word' id='word_1_208' title='bbox 1522 3216 1553 3253; x_wconf 90' lang='lat' dir='ltr'><strong>a</strong></span> <span class='ocrx_word' id='word_1_209' title='bbox 1583 3200 1745 3255; x_wconf 90' lang='lat' dir='ltr'><strong>nobis</strong></span> <span class='ocrx_word' id='word_1_210' title='bbox 1794 3200 1851 3254; x_wconf 90' lang='lat' dir='ltr'><strong>in</strong></span> <span class='ocrx_word' id='word_1_211' title='bbox 1899 3200 2061 3254; x_wconf 82' lang='lat' dir='ltr'><strong>feodo</strong></span> <span class='ocrx_word' id='word_1_212' title='bbox 2111 3198 2360 3266; x_wconf 86' lang='lat' dir='ltr'><strong>tenebat,</strong></span> <span class='ocrx_word' id='word_1_213' title='bbox 2393 3203 2636 3267; x_wconf 85' lang='lat' dir='ltr'><strong>quatuor</strong></span> 
     </span>
     <span class='ocr_line' id='line_1_23' title="bbox 379 3285 2635 3360; baseline 0.001 -21"><span class='ocrx_word' id='word_1_214' title='bbox 379 3285 622 3342; x_wconf 88' lang='lat' dir='ltr'><strong>dominis</strong></span> <span class='ocrx_word' id='word_1_215' title='bbox 662 3290 1034 3360; x_wconf 86' lang='lat' dir='ltr'><strong>intermediis,</strong></span> <span class='ocrx_word' id='word_1_216' title='bbox 1076 3305 1297 3344; x_wconf 87' lang='lat' dir='ltr'><strong>necnon</strong></span> <span class='ocrx_word' id='word_1_217' title='bbox 1345 3296 1401 3343; x_wconf 81' lang='lat' dir='ltr'><strong>et</strong></span> <span class='ocrx_word' id='word_1_218' title='bbox 1442 3288 1742 3359; x_wconf 83' lang='lat' dir='ltr'><strong>pedagium</strong></span> <span class='ocrx_word' id='word_1_219' title='bbox 1796 3289 2126 3356; x_wconf 79' lang='lat' dir='ltr'><strong>sudem-um,</strong></span> <span class='ocrx_word' id='word_1_220' title='bbox 2173 3289 2327 3360; x_wconf 91' lang='lat' dir='ltr'><strong>quod</strong></span> <span class='ocrx_word' id='word_1_221' title='bbox 2376 3288 2635 3342; x_wconf 89' lang='lat' dir='ltr'><strong>similiter</strong></span> 
     </span>
     <span class='ocr_line' id='line_1_24' title="bbox 382 3376 2633 3450; baseline 0 -20"><span class='ocrx_word' id='word_1_222' title='bbox 382 3376 554 3432; x_wconf 79' lang='lat' dir='ltr'><strong>habet</strong></span> <span class='ocrx_word' id='word_1_223' title='bbox 577 3382 729 3450; x_wconf 89' lang='lat' dir='ltr'><strong>apud</strong></span> <span class='ocrx_word' id='word_1_224' title='bbox 756 3381 1015 3437; x_wconf 76' lang='lat' dir='ltr'><strong>Castrum</strong></span> <span class='ocrx_word' id='word_1_225' title='bbox 1054 3382 1335 3443; x_wconf 70' lang='lat' dir='ltr'><strong>Nemone,</strong></span> <span class='ocrx_word' id='word_1_226' title='bbox 1362 3377 1514 3448; x_wconf 79' lang='lat' dir='ltr'><strong>quod</strong></span> <span class='ocrx_word' id='word_1_227' title='bbox 1564 3393 1597 3433; x_wconf 88' lang='lat' dir='ltr'><strong>a</strong></span> <span class='ocrx_word' id='word_1_228' title='bbox 1625 3378 1788 3432; x_wconf 88' lang='lat' dir='ltr'><strong>nobis</strong></span> <span class='ocrx_word' id='word_1_229' title='bbox 1831 3379 1989 3433; x_wconf 91' lang='lat' dir='ltr'><strong>nullo</strong></span> <span class='ocrx_word' id='word_1_230' title='bbox 2026 3377 2358 3433; x_wconf 87' lang='lat' dir='ltr'><strong>intermedio</strong></span> <span class='ocrx_word' id='word_1_231' title='bbox 2388 3376 2633 3445; x_wconf 86' lang='lat' dir='ltr'><strong>tenebat,</strong></span> 
     </span>
     <span class='ocr_line' id='line_1_25' title="bbox 381 3465 2636 3540; baseline 0.001 -22"><span class='ocrx_word' id='word_1_232' title='bbox 381 3467 626 3522; x_wconf 83' lang='lat' dir='ltr'><strong>vendere</strong></span> <span class='ocrx_word' id='word_1_233' title='bbox 656 3470 831 3540; x_wconf 86' lang='lat' dir='ltr'><strong>possit</strong></span> <span class='ocrx_word' id='word_1_234' title='bbox 872 3477 983 3527; x_wconf 87' lang='lat' dir='ltr'><strong>tam</strong></span> <span class='ocrx_word' id='word_1_235' title='bbox 1016 3468 1294 3539; x_wconf 85' lang='lat' dir='ltr'><strong>religiosis</strong></span> <span class='ocrx_word' id='word_1_236' title='bbox 1318 3474 1414 3523; x_wconf 88' lang='lat' dir='ltr'><strong>aut</strong></span> <span class='ocrx_word' id='word_1_237' title='bbox 1441 3467 1610 3522; x_wconf 88' lang='lat' dir='ltr'><strong>alicui</strong></span> <span class='ocrx_word' id='word_1_238' title='bbox 1640 3467 1732 3521; x_wconf 86' lang='lat' dir='ltr'><strong>atii</strong></span> <span class='ocrx_word' id='word_1_239' title='bbox 1753 3483 1918 3521; x_wconf 85' lang='lat' dir='ltr'><strong>sacro</strong></span> <span class='ocrx_word' id='word_1_240' title='bbox 1943 3468 2066 3521; x_wconf 89' lang='lat' dir='ltr'><strong>loco</strong></span> <span class='ocrx_word' id='word_1_241' title='bbox 2094 3484 2262 3538; x_wconf 88' lang='lat' dir='ltr'><strong>quam</strong></span> <span class='ocrx_word' id='word_1_242' title='bbox 2289 3465 2636 3521; x_wconf 88' lang='lat' dir='ltr'><strong>secularibus</strong></span> 
     </span>
     <span class='ocr_line' id='line_1_26' title="bbox 382 3555 2636 3631; baseline 0 -21"><span class='ocrx_word' id='word_1_243' title='bbox 382 3557 662 3626; x_wconf 79' lang='lat' dir='ltr'><strong>personis,</strong></span> <span class='ocrx_word' id='word_1_244' title='bbox 692 3560 822 3614; x_wconf 86' lang='lat' dir='ltr'><strong>etin</strong></span> <span class='ocrx_word' id='word_1_245' title='bbox 844 3559 993 3631; x_wconf 87' lang='lat' dir='ltr'><strong>ipsas</strong></span> <span class='ocrx_word' id='word_1_246' title='bbox 1023 3559 1187 3614; x_wconf 88' lang='lat' dir='ltr'><strong>titulo</strong></span> <span class='ocrx_word' id='word_1_247' title='bbox 1212 3556 1559 3612; x_wconf 81' lang='lat' dir='ltr'><strong>vendicionis</strong></span> <span class='ocrx_word' id='word_1_248' title='bbox 1589 3556 1897 3610; x_wconf 86' lang='lat' dir='ltr'><strong>transferre</strong></span> <span class='ocrx_word' id='word_1_249' title='bbox 1926 3563 2091 3627; x_wconf 88' lang='lat' dir='ltr'><strong>prout</strong></span> <span class='ocrx_word' id='word_1_250' title='bbox 2118 3556 2222 3612; x_wconf 89' lang='lat' dir='ltr'><strong>sibi</strong></span> <span class='ocrx_word' id='word_1_251' title='bbox 2254 3555 2454 3610; x_wconf 78' lang='lat' dir='ltr'><strong>viderit</strong></span> <span class='ocrx_word' id='word_1_252' title='bbox 2476 3571 2636 3625; x_wconf 84' lang='lat' dir='ltr'><strong>expe·</strong></span> 
     </span>
     <span class='ocr_line' id='line_1_27' title="bbox 383 3644 2638 3717; baseline 0 -20"><span class='ocrx_word' id='word_1_253' title='bbox 383 3644 528 3711; x_wconf 89' lang='lat' dir='ltr'><strong>dire,</strong></span> <span class='ocrx_word' id='word_1_254' title='bbox 562 3647 808 3704; x_wconf 86' lang='lat' dir='ltr'><strong>volentes</strong></span> <span class='ocrx_word' id='word_1_255' title='bbox 829 3655 885 3705; x_wconf 93' lang='lat' dir='ltr'><strong>et</strong></span> <span class='ocrx_word' id='word_1_256' title='bbox 908 3649 1279 3704; x_wconf 87' lang='lat' dir='ltr'><strong>concedentes</strong></span> <span class='ocrx_word' id='word_1_257' title='bbox 1308 3647 1459 3717; x_wconf 88' lang='lat' dir='ltr'><strong>quod</strong></span> <span class='ocrx_word' id='word_1_258' title='bbox 1491 3645 1586 3700; x_wconf 84' lang='lat' dir='ltr'><strong>illa</strong></span> <span class='ocrx_word' id='word_1_259' title='bbox 1625 3661 1868 3717; x_wconf 82' lang='lat' dir='ltr'><strong>persona</strong></span> <span class='ocrx_word' id='word_1_260' title='bbox 1897 3647 1985 3700; x_wconf 88' lang='lat' dir='ltr'><strong>vel</strong></span> <span class='ocrx_word' id='word_1_261' title='bbox 2017 3647 2170 3702; x_wconf 90' lang='lat' dir='ltr'><strong>locus</strong></span> <span class='ocrx_word' id='word_1_262' title='bbox 2209 3646 2305 3700; x_wconf 91' lang='lat' dir='ltr'><strong>ille</strong></span> <span class='ocrx_word' id='word_1_263' title='bbox 2337 3659 2516 3712; x_wconf 88' lang='lat' dir='ltr'><strong>sacer,</strong></span> <span class='ocrx_word' id='word_1_264' title='bbox 2548 3644 2638 3700; x_wconf 90' lang='lat' dir='ltr'><strong>cui</strong></span> 
     </span>
     <span class='ocr_line' id='line_1_28' title="bbox 382 3733 2636 3809; baseline 0 -20"><span class='ocrx_word' id='word_1_265' title='bbox 382 3737 474 3790; x_wconf 88' lang='lat' dir='ltr'><strong>vel</strong></span> <span class='ocrx_word' id='word_1_266' title='bbox 526 3736 732 3808; x_wconf 90' lang='lat' dir='ltr'><strong>quibus</strong></span> <span class='ocrx_word' id='word_1_267' title='bbox 759 3738 945 3809; x_wconf 89' lang='lat' dir='ltr'><strong>ipsum</strong></span> <span class='ocrx_word' id='word_1_268' title='bbox 977 3738 1273 3809; x_wconf 88' lang='lat' dir='ltr'><strong>pedagium</strong></span> <span class='ocrx_word' id='word_1_269' title='bbox 1315 3734 1628 3801; x_wconf 85' lang='lat' dir='ltr'><strong>devenerit,</strong></span> <span class='ocrx_word' id='word_1_270' title='bbox 1672 3741 1770 3790; x_wconf 87' lang='lat' dir='ltr'><strong>aut</strong></span> <span class='ocrx_word' id='word_1_271' title='bbox 1813 3734 2068 3804; x_wconf 79' lang='lat' dir='ltr'><strong>ejusdem</strong></span> <span class='ocrx_word' id='word_1_272' title='bbox 2101 3733 2480 3789; x_wconf 84' lang='lat' dir='ltr'><strong>venditionem</strong></span> <span class='ocrx_word' id='word_1_273' title='bbox 2512 3734 2636 3789; x_wconf 82' lang='lat' dir='ltr'><strong>sieri</strong></span> 
     </span>
     <span class='ocr_line' id='line_1_29' title="bbox 384 3824 2639 3899; baseline 0 -21"><span class='ocrx_word' id='word_1_274' title='bbox 384 3825 702 3898; x_wconf 85' lang='lat' dir='ltr'><strong>contigerit,</strong></span> <span class='ocrx_word' id='word_1_275' title='bbox 750 3828 936 3899; x_wconf 90' lang='lat' dir='ltr'><strong>ipsum</strong></span> <span class='ocrx_word' id='word_1_276' title='bbox 1005 3826 1299 3897; x_wconf 85' lang='lat' dir='ltr'><strong>pedagium</strong></span> <span class='ocrx_word' id='word_1_277' title='bbox 1349 3841 1476 3880; x_wconf 90' lang='lat' dir='ltr'><strong>cum</strong></span> <span class='ocrx_word' id='word_1_278' title='bbox 1526 3824 1643 3878; x_wconf 88' lang='lat' dir='ltr'><strong>suis</strong></span> <span class='ocrx_word' id='word_1_279' title='bbox 1694 3824 2047 3895; x_wconf 79' lang='lat' dir='ltr'><strong>pertinentiis</strong></span> <span class='ocrx_word' id='word_1_280' title='bbox 2085 3830 2276 3880; x_wconf 90' lang='lat' dir='ltr'><strong>tenere</strong></span> <span class='ocrx_word' id='word_1_281' title='bbox 2319 3825 2538 3896; x_wconf 87' lang='lat' dir='ltr'><strong>possint</strong></span> <span class='ocrx_word' id='word_1_282' title='bbox 2580 3827 2639 3879; x_wconf 83' lang='lat' dir='ltr'><strong>et</strong></span> 
     </span>
     <span class='ocr_line' id='line_1_30' title="bbox 385 3914 2635 3988; baseline -0 -20"><span class='ocrx_word' id='word_1_283' title='bbox 385 3921 660 3987; x_wconf 84' lang='lat' dir='ltr'><strong>perpetuo</strong></span> <span class='ocrx_word' id='word_1_284' title='bbox 690 3917 977 3988; x_wconf 89' lang='lat' dir='ltr'><strong>possidere</strong></span> <span class='ocrx_word' id='word_1_285' title='bbox 1005 3916 1233 3988; x_wconf 82' lang='lat' dir='ltr'><strong>pacifice</strong></span> <span class='ocrx_word' id='word_1_286' title='bbox 1265 3919 1319 3969; x_wconf 86' lang='lat' dir='ltr'><strong>et.</strong></span> <span class='ocrx_word' id='word_1_287' title='bbox 1347 3914 1533 3985; x_wconf 89' lang='lat' dir='ltr'><strong>quiete</strong></span> <span class='ocrx_word' id='word_1_288' title='bbox 1559 3914 1679 3968; x_wconf 80' lang='lat' dir='ltr'><strong>sine</strong></span> <span class='ocrx_word' id='word_1_289' title='bbox 1704 3914 1991 3970; x_wconf 87' lang='lat' dir='ltr'><strong>coactione</strong></span> <span class='ocrx_word' id='word_1_290' title='bbox 2022 3914 2209 3986; x_wconf 85' lang='lat' dir='ltr'><strong>aliqua</strong></span> <span class='ocrx_word' id='word_1_291' title='bbox 2241 3914 2520 3969; x_wconf 89' lang='lat' dir='ltr'><strong>vendendi</strong></span> <span class='ocrx_word' id='word_1_292' title='bbox 2548 3914 2635 3968; x_wconf 88' lang='lat' dir='ltr'><strong>vel</strong></span> 
     </span>
     <span class='ocr_line' id='line_1_31' title="bbox 386 4002 2635 4076; baseline 0.001 -20"><span class='ocrx_word' id='word_1_293' title='bbox 386 4012 544 4059; x_wconf 85' lang='lat' dir='ltr'><strong>extra</strong></span> <span class='ocrx_word' id='word_1_294' title='bbox 600 4021 830 4061; x_wconf 88' lang='lat' dir='ltr'><strong>manum</strong></span> <span class='ocrx_word' id='word_1_295' title='bbox 882 4022 1044 4061; x_wconf 87' lang='lat' dir='ltr'><strong>suam</strong></span> <span class='ocrx_word' id='word_1_296' title='bbox 1110 4002 1354 4076; x_wconf 89' lang='lat' dir='ltr'><strong>ponendi</strong></span> <span class='ocrx_word' id='word_1_297' title='bbox 1413 4010 1465 4059; x_wconf 88' lang='lat' dir='ltr'><strong>et</strong></span> <span class='ocrx_word' id='word_1_298' title='bbox 1519 4004 1734 4075; x_wconf 87' lang='lat' dir='ltr'><strong>absque</strong></span> <span class='ocrx_word' id='word_1_299' title='bbox 1782 4004 2121 4076; x_wconf 86' lang='lat' dir='ltr'><strong>prestatione</strong></span> <span class='ocrx_word' id='word_1_300' title='bbox 2175 4004 2414 4059; x_wconf 82' lang='lat' dir='ltr'><strong>financie</strong></span> <span class='ocrx_word' id='word_1_301' title='bbox 2446 4005 2635 4073; x_wconf 84' lang='lat' dir='ltr'><strong>cujus-</strong></span> 
     </span>
     <span class='ocr_line' id='line_1_32' title="bbox 386 4092 2636 4166; baseline 0 -19"><span class='ocrx_word' id='word_1_302' title='bbox 386 4108 654 4166; x_wconf 85' lang='lat' dir='ltr'><strong>cumque,</strong></span> <span class='ocrx_word' id='word_1_303' title='bbox 683 4097 837 4151; x_wconf 84' lang='lat' dir='ltr'><strong>salvo</strong></span> <span class='ocrx_word' id='word_1_304' title='bbox 865 4101 1055 4151; x_wconf 87' lang='lat' dir='ltr'><strong>autem</strong></span> <span class='ocrx_word' id='word_1_305' title='bbox 1098 4093 1158 4148; x_wconf 89' lang='lat' dir='ltr'><strong>in</strong></span> <span class='ocrx_word' id='word_1_306' title='bbox 1181 4092 1304 4147; x_wconf 89' lang='lat' dir='ltr'><strong>aliis</strong></span> <span class='ocrx_word' id='word_1_307' title='bbox 1334 4092 1465 4161; x_wconf 86' lang='lat' dir='ltr'><strong>jure</strong></span> <span class='ocrx_word' id='word_1_308' title='bbox 1489 4098 1683 4147; x_wconf 86' lang='lat' dir='ltr'><strong>nostro</strong></span> <span class='ocrx_word' id='word_1_309' title='bbox 1726 4098 1780 4148; x_wconf 88' lang='lat' dir='ltr'><strong>et</strong></span> <span class='ocrx_word' id='word_1_310' title='bbox 1800 4093 1929 4164; x_wconf 71' lang='lat' dir='ltr'><strong>Jure</strong></span> <span class='ocrx_word' id='word_1_311' title='bbox 1959 4094 2206 4165; x_wconf 85' lang='lat' dir='ltr'><strong>quolibet</strong></span> <span class='ocrx_word' id='word_1_312' title='bbox 2236 4094 2437 4147; x_wconf 85' lang='lat' dir='ltr'><strong>alien0.</strong></span> <span class='ocrx_word' id='word_1_313' title='bbox 2474 4093 2636 4158; x_wconf 88' lang='lat' dir='ltr'><strong>Quod</strong></span> 
     </span>
     <span class='ocr_line' id='line_1_33' title="bbox 386 4180 2634 4255; baseline 0 -19"><span class='ocrx_word' id='word_1_314' title='bbox 386 4188 444 4237; x_wconf 91' lang='lat' dir='ltr'><strong>ut</strong></span> <span class='ocrx_word' id='word_1_315' title='bbox 473 4182 703 4239; x_wconf 81' lang='lat' dir='ltr'><strong>firmum</strong></span> <span class='ocrx_word' id='word_1_316' title='bbox 730 4192 784 4239; x_wconf 84' lang='lat' dir='ltr'><strong>et</strong></span> <span class='ocrx_word' id='word_1_317' title='bbox 812 4184 1009 4240; x_wconf 70' lang='lat' dir='ltr'><strong>stabile</strong></span> <span class='ocrx_word' id='word_1_318' title='bbox 1040 4187 1365 4255; x_wconf 82' lang='lat' dir='ltr'><strong>permaneat</strong></span> <span class='ocrx_word' id='word_1_319' title='bbox 1391 4182 1451 4236; x_wconf 90' lang='lat' dir='ltr'><strong>in</strong></span> <span class='ocrx_word' id='word_1_320' title='bbox 1470 4180 1731 4237; x_wconf 75' lang='lat' dir='ltr'><strong>futurum</strong></span> <span class='ocrx_word' id='word_1_321' title='bbox 1762 4183 2120 4253; x_wconf 88' lang='lat' dir='ltr'><strong>presentibus</strong></span> <span class='ocrx_word' id='word_1_322' title='bbox 2140 4181 2337 4238; x_wconf 80' lang='lat' dir='ltr'><strong>litteris</strong></span> <span class='ocrx_word' id='word_1_323' title='bbox 2371 4187 2634 4236; x_wconf 89' lang='lat' dir='ltr'><strong>nostrum</strong></span> 
     </span>
     <span class='ocr_line' id='line_1_34' title="bbox 385 4270 2632 4345; baseline -0 -20"><span class='ocrx_word' id='word_1_324' title='bbox 385 4270 624 4328; x_wconf 81' lang='lat' dir='ltr'><strong>fecimus</strong></span> <span class='ocrx_word' id='word_1_325' title='bbox 660 4274 863 4345; x_wconf 88' lang='lat' dir='ltr'><strong>apponi</strong></span> <span class='ocrx_word' id='word_1_326' title='bbox 898 4273 1167 4344; x_wconf 81' lang='lat' dir='ltr'><strong>sigillum.</strong></span> <span class='ocrx_word' id='word_1_327' title='bbox 1201 4272 1405 4326; x_wconf 85' lang='lat' dir='ltr'><strong>Actum</strong></span> <span class='ocrx_word' id='word_1_328' title='bbox 1451 4271 1599 4343; x_wconf 88' lang='lat' dir='ltr'><strong>apud</strong></span> <span class='ocrx_word' id='word_1_329' title='bbox 1632 4272 1892 4326; x_wconf 87' lang='lat' dir='ltr'><strong>Castrum</strong></span> <span class='ocrx_word' id='word_1_330' title='bbox 1929 4287 2138 4326; x_wconf 83' lang='lat' dir='ltr'><strong>novum</strong></span> <span class='ocrx_word' id='word_1_331' title='bbox 2157 4288 2331 4343; x_wconf 84' lang='lat' dir='ltr'><strong>supra</strong></span> <span class='ocrx_word' id='word_1_332' title='bbox 2366 4270 2632 4341; x_wconf 85' lang='lat' dir='ltr'><strong>Ligerim,</strong></span> 
     </span>
     <span class='ocr_line' id='line_1_35' title="bbox 390 4361 2639 4432; baseline -0.001 -15"><span class='ocrx_word' id='word_1_333' title='bbox 390 4378 538 4418; x_wconf 88' lang='lat' dir='ltr'><strong>anno</strong></span> <span class='ocrx_word' id='word_1_334' title='bbox 569 4364 791 4419; x_wconf 91' lang='lat' dir='ltr'><strong>Domini</strong></span> <span class='ocrx_word' id='word_1_335' title='bbox 832 4363 1132 4418; x_wconf 89' lang='lat' dir='ltr'><strong>millesimo</strong></span> <span class='ocrx_word' id='word_1_336' title='bbox 1172 4361 1557 4416; x_wconf 88' lang='lat' dir='ltr'><strong>ducentesimo</strong></span> <span class='ocrx_word' id='word_1_337' title='bbox 1586 4361 1957 4432; x_wconf 73' lang='lat' dir='ltr'><strong>nonagesimo</strong></span> <span class='ocrx_word' id='word_1_338' title='bbox 1994 4361 2210 4432; x_wconf 81' lang='lat' dir='ltr'><strong>quinte,</strong></span> <span class='ocrx_word' id='word_1_339' title='bbox 2245 4377 2439 4416; x_wconf 88' lang='lat' dir='ltr'><strong>mense</strong></span> <span class='ocrx_word' id='word_1_340' title='bbox 2481 4377 2639 4414; x_wconf 89' lang='lat' dir='ltr'><strong>mar-</strong></span> 
     </span>
     <span class='ocr_line' id='line_1_36' title="bbox 391 4451 2636 4525; baseline -0.001 -19"><span class='ocrx_word' id='word_1_341' title='bbox 391 4452 481 4507; x_wconf 80' lang='lat' dir='ltr'><strong>tio,</strong></span> <span class='ocrx_word' id='word_1_342' title='bbox 526 4471 558 4504; x_wconf 82' lang='lat'><strong>»</strong></span> <span class='ocrx_word' id='word_1_343' title='bbox 594 4484 665 4494; x_wconf 91' lang='lat'><strong>--</strong></span> <span class='ocrx_word' id='word_1_344' title='bbox 702 4451 866 4525; x_wconf 90' lang='lat' dir='ltr'><strong>Copie</strong></span> <span class='ocrx_word' id='word_1_345' title='bbox 915 4454 990 4509; x_wconf 90' lang='lat' dir='ltr'><strong>du</strong></span> <span class='ocrx_word' id='word_1_346' title='bbox 1032 4452 1206 4507; x_wconf 73' lang='lat' dir='ltr'><strong>xvn⁶</strong></span> <span class='ocrx_word' id='word_1_347' title='bbox 1250 4452 1440 4520; x_wconf 76' lang='lat' dir='ltr'><strong>siecle,</strong></span> <span class='ocrx_word' id='word_1_348' title='bbox 1486 4451 1706 4521; x_wconf 59' lang='lat' dir='ltr'><strong>&amp;api-es</strong></span> <span class='ocrx_word' id='word_1_349' title='bbox 1747 4452 1799 4505; x_wconf 93' lang='lat' dir='ltr'><strong>le</strong></span> <span class='ocrx_word' id='word_1_350' title='bbox 1845 4451 2005 4506; x_wconf 84' lang='lat' dir='ltr'><strong>Livre</strong></span> <span class='ocrx_word' id='word_1_351' title='bbox 2051 4452 2265 4521; x_wconf 85' lang='lat' dir='ltr'><strong>Rouge.</strong></span> <span class='ocrx_word' id='word_1_352' title='bbox 2301 4452 2471 4505; x_wconf 83' lang='lat' dir='ltr'><strong>Arch.</strong></span> <span class='ocrx_word' id='word_1_353' title='bbox 2514 4452 2636 4506; x_wconf 84' lang='lat' dir='ltr'><strong>Nat.</strong></span> 
     </span>
     <span class='ocr_line' id='line_1_37' title="bbox 392 4541 769 4598; baseline -0.005 0"><span class='ocrx_word' id='word_1_354' title='bbox 392 4541 465 4598; x_wconf 67' lang='grc' dir='ltr'><strong>Β*</strong></span> <span class='ocrx_word' id='word_1_355' title='bbox 495 4542 605 4597; x_wconf 87' lang='grc'><strong>558</strong></span> <span class='ocrx_word' id='word_1_356' title='bbox 637 4559 649 4596; x_wconf 77' lang='lat' dir='ltr'><strong><em>z</em></strong></span> <span class='ocrx_word' id='word_1_357' title='bbox 681 4541 769 4597; x_wconf 90' lang='grc'><strong>30.</strong></span> 
     </span>
    </p>

    <p class='ocr_par' dir='ltr' id='par_1_5' title="bbox 395 4629 2642 4789">
     <span class='ocr_line' id='line_1_38' title="bbox 463 4629 2642 4702; baseline -0.002 -15"><span class='ocrx_word' id='word_1_358' title='bbox 463 4632 568 4687; x_wconf 87' lang='lat' dir='ltr'><strong>Ces</strong></span> <span class='ocrx_word' id='word_1_359' title='bbox 614 4632 838 4702; x_wconf 76' lang='lat' dir='ltr'><strong>peages‚</strong></span> <span class='ocrx_word' id='word_1_360' title='bbox 891 4648 958 4686; x_wconf 91' lang='lat' dir='ltr'><strong>en</strong></span> <span class='ocrx_word' id='word_1_361' title='bbox 1008 4631 1169 4697; x_wconf 83' lang='lat'><strong>1331,</strong></span> <span class='ocrx_word' id='word_1_362' title='bbox 1225 4630 1430 4685; x_wconf 76' lang='lat' dir='ltr'><strong>etaient</strong></span> <span class='ocrx_word' id='word_1_363' title='bbox 1488 4629 1750 4685; x_wconf 65' lang='lat' dir='ltr'><strong>affermes</strong></span> <span class='ocrx_word' id='word_1_364' title='bbox 1798 4630 1867 4686; x_wconf 88' lang='lat'><strong>70</strong></span> <span class='ocrx_word' id='word_1_365' title='bbox 1912 4630 2076 4686; x_wconf 86' lang='lat' dir='ltr'><strong>livres</strong></span> <span class='ocrx_word' id='word_1_366' title='bbox 2130 4647 2229 4702; x_wconf 86' lang='lat' dir='ltr'><strong>par</strong></span> <span class='ocrx_word' id='word_1_367' title='bbox 2286 4645 2360 4686; x_wconf 85' lang='lat' dir='ltr'><strong>an</strong></span> <span class='ocrx_word' id='word_1_368' title='bbox 2437 4631 2642 4698; x_wconf 72' lang='lat' dir='ltr'><strong>(Meme</strong></span> 
     </span>
     <span class='ocr_line' id='line_1_39' title="bbox 395 4722 637 4789; baseline 0.012 -18"><span class='ocrx_word' id='word_1_369' title='bbox 395 4722 637 4789; x_wconf 84' lang='lat' dir='ltr'><strong>source).</strong></span> 
     </span>
    </p>
   </div>
   <div class='ocr_carea' id='block_1_4' title="bbox 571 4815 2468 4873">
    <p class='ocr_par' dir='ltr' id='par_1_6' title="bbox 571 4815 2468 4873">
     <span class='ocr_line' id='line_1_40' title="bbox 571 4815 2468 4873; baseline -0.001 -1"><span class='ocrx_word' id='word_1_370' title='bbox 571 4816 720 4873; x_wconf 70' lang='lat' dir='ltr'><strong>m.</strong></span> <span class='ocrx_word' id='word_1_371' title='bbox 759 4828 894 4872; x_wconf 81' lang='lat' dir='ltr'>xxx.</span> <span class='ocrx_word' id='word_1_372' title='bbox 2395 4815 2468 4871; x_wconf 82' lang='lat'><strong>32</strong></span> 
     </span>
    </p>
   </div>
  </div>
 </body>
</html>
