3485 5571
1439 685 1799 749 -395-

496 811 678 882 nium
723 824 786 884 et
829 811 1199 884 memoriam
1246 827 1580 905 presentes
1613 812 1855 884 litteras
1889 814 1965 884 ad
2024 814 2410 904 peticionem
2467 812 2741 905 partium

499 927 930 1019 predictarum
970 927 1178 1018 sigillo
1237 923 1632 998 Senonensis
1670 926 1847 999 curie
1887 925 2155 999 lecimus
2185 925 2477 1018 sigillari.
2520 929 2745 999 Actum

496 1064 668 1113 anno
692 1036 946 1112 Domini
980 1040 1321 1112 millesimo
1361 1042 1803 1112 ducentesimo
1835 1039 2366 1133 quinquagesimo
2404 1054 2608 1124 sexto,
2643 1040 2747 1113 die

495 1155 649 1226 lune
688 1167 832 1247 post
862 1155 1259 1225 nativitatem
1300 1154 1467 1225 beati
1496 1156 1806 1226 Johannis
1836 1154 2140 1248 Baptiste,
2177 1176 2399 1227 mense
2418 1156 2625 1246 junio.

1467 1491 1768 1557 CCXCVII

1385 1771 1422 1832 8
1461 1770 1681 1850 juillet
1707 1771 1866 1834 1256

493 1998 681 2053 Vente
709 2014 780 2055 an
833 1998 1083 2071 chapitre
1124 2014 1226 2070 par
1274 1999 1505 2069 Hugues
1553 1998 1807 2054 Serenne
1854 1998 1924 2054 de
1968 2015 2103 2055 onze
2146 1999 2356 2071 muids,
2396 2000 2590 2056 moitie
2634 2000 2745 2067 hle,

571 2095 762 2150 moitie
790 2094 1009 2159 avoine,
1040 2094 1178 2166 qu’il
1218 2093 1455 2165 possede
1504 2109 1605 2149 sur
1646 2094 1701 2149 la
1744 2110 1954 2166 grange
1997 2096 2305 2151 dimeresse
2353 2095 2423 2150 de
2465 2094 2752 2166 Mesnilgi·

571 2191 718 2245 rault
755 2195 810 2245 et
840 2190 910 2245 de
935 2195 1064 2246 tous
1095 2204 1185 2246 ses
1215 2189 1390 2245 droits
1432 2205 1532 2246 sur
1560 2195 1705 2246 cette
1737 2203 1948 2261 grange
1978 2207 2124 2263 pour
2150 2191 2260 2247 190
2309 2192 2476 2247 livres
2524 2193 2744 2264 parisis,

952 2336 1130 2407 (Orig.
1159 2353 1259 2391 sur
1286 2336 1478 2407 parch.
1509 2337 1683 2394 Arch.
1710 2336 1788 2392 du
1818 2336 2025 2405 Loiret‚
2055 2338 2122 2394 G.
2143 2338 2304 2411 350.)

586 2528 913 2602 Universis
999 2542 1333 2621 presentes
1408 2530 1651 2600 litteras
1735 2525 2122 2620 inspecturis
2190 2529 2485 2601 officialis
2568 2513 2749 2601 curie

494 2645 981 2717 Aurelianensis
1026 2647 1299 2716 salutem
1343 2645 1403 2714 in
1463 2643 1764 2714 Domino.
1817 2641 2132 2715 Noveritis
2186 2648 2358 2734 quod
2411 2641 2746 2743 constituti

491 2783 719 2833 coram
750 2756 936 2830 nobis
975 2757 1039 2828 in
1064 2762 1206 2851 jure
1233 2761 1411 2851 Hugo
1445 2755 1657 2830 dietus
1698 2760 2006 2844 Serenne,
2054 2754 2263 2841 miles,
2309 2760 2390 2830 de
2428 2761 2743 2851 Tesponz‚

491 2889 563 2947 et
602 2874 859 2945 domina
922 2876 1288 2965 Margareta,
1359 2876 1498 2965 ejus
1560 2897 1742 2957 uxor,
1809 2874 2107 2944 undecim
2152 2871 2399 2944 modios
2456 2874 2629 2943 bladi
2682 2887 2748 2944 et

495 3010 726 3073 avene,
765 2985 1173 3059 medietatem
1208 2988 1376 3057 bladi
1416 2999 1480 3058 et
1522 2984 1929 3057 medietatem
1982 3009 2205 3073 avene,
2253 2987 2329 3057 ad
2372 3009 2739 3059 mensuram

495 3104 578 3172 de
613 3100 920 3193 StampiS,
964 3124 1037 3172 ex
1080 3116 1256 3192 parte
1296 3097 1465 3171 dicte
1505 3098 1764 3171 domine
1810 3116 2171 3185 moventes,
2211 3122 2372 3192 quos
2426 3102 2748 3171 habebant

494 3212 693 3284 annui
733 3212 1026 3284 redditus
1082 3215 1147 3282 in
1184 3212 1444 3304 grangia
1487 3210 1828 3283 decimaria
1869 3214 1948 3283 de
2004 3210 2291 3283 Mesnilio
2340 3211 2632 3299 Giraudi,
2687 3224 2753 3283 et

496 3325 985 3418 quicquidJ'uris
1024 3328 1345 3397 habebant
1374 3324 1435 3394 in
1488 3324 1717 3396 eadem
1744 3323 2004 3416 grangia
2038 3326 2347 3410 vendunt,
2392 3326 2640 3417 quitant
2685 3337 2749 3396 et

497 3443 863 3512 concedunt
887 3438 951 3510 in
980 3451 1356 3531 perpetuum
1390 3436 1538 3509 viris
1569 3437 2046 3509 venerabilibus
2087 3441 2331 3511 decano
2372 3454 2437 3511 et
2466 3439 2745 3531 capitulo

498 3553 1066 3626 Aurelianensibus
1128 3574 1241 3645 pro
1304 3555 1529 3624 decem
1579 3566 1645 3623 et
1698 3574 1926 3623 novem
1970 3551 2186 3643 viginti
2227 3552 2406 3623 libris
2438 3550 2748 3644 parisien—

498 3668 693 3751 sium,
738 3665 1094 3739 dominium
1147 3680 1212 3738 et
1249 3666 1735 3758 possessionem
1778 3664 1935 3755 dieti
1971 3663 2259 3737 redditus
2289 3665 2352 3735 in
2394 3669 2602 3738 dictos
2638 3668 2750 3739 de·

498 3805 732 3854 canum
766 3794 830 3852 et
882 3779 1230 3872 capitulum
1282 3781 1773 3862 transterend03
1839 3792 1901 3850 et
1941 3776 2322 3870 promittunt
2384 3800 2497 3870 per
2553 3779 2743 3850 fidem

497 3920 574 3969 se
593 3893 836 3967 dietum
862 3892 1176 3966 redditum
1239 3892 1428 3964 dietis
1485 3896 1728 3964 decano
1768 3906 1831 3964 et
1856 3890 2134 3985 capitulo
2172 3894 2457 3986 gar[ent]
2487 3891 2747 3986 itur[os]

500 4014 880 4082 delensuros
909 4023 973 4079 et
1012 4006 1389 4078 liberaturos
1430 4009 1497 4077 in
1554 4019 1932 4098 perpetuum
1975 4009 2053 4077 ad
2097 4028 2251 4076 usus
2293 4021 2356 4077 et
2402 4018 2752 4078 eonsuetu-

500 4123 686 4197 dines
726 4123 928 4216 patrie
968 4137 1191 4194 eontra
1251 4143 1504 4207 omneS,
1553 4134 1616 4192 et
1678 4124 1849 4211 quod
1908 4120 2226 4192 redditum
2281 4118 2639 4212 predictum
2687 4139 2752 4193 et

497 4238 935 4311 venditionem
1021 4235 1170 4307 inde
1232 4238 1462 4307 saetam
1541 4235 1775 4307 lacient
1831 4247 1895 4305 et
1970 4236 2406 4326 procurabunt
2472 4233 2744 4326 propriis

499 4353 865 4445 sumptibus
900 4367 961 4422 et
1001 4348 1303 4443 expensis
1342 4354 1634 4441 ipsorum
1677 4347 1961 4440 Hugonis
1988 4362 2049 4420 et
2090 4353 2434 4440 Margarete
2476 4348 2740 4430 laudari,

490 4466 771 4539 'concedi
802 4479 864 4537 et
904 4463 1354 4536 admortifieari
1419 4466 1484 4533 in
1542 4479 1920 4554 perpetuum
1952 4487 1985 4534 a
2011 4464 2300 4533 Johanne
2340 4462 2419 4532 de
2460 4462 2751 4533 Abbatis·

505 4580 669 4666 villa,
731 4582 1073 4670 armigero,
1132 4579 1419 4650 seeundo
1474 4576 1735 4649 domino
1782 4577 1954 4649 leudi
2023 4577 2397 4668 supradicti,
2452 4591 2516 4647 et
2576 4578 2745 4666 quod

502 4694 715 4766 dietus
765 4695 1068 4764 dominus
1132 4693 1457 4782 promittet
1511 4714 1623 4783 per
1684 4694 1875 4762 fidem
1939 4712 2119 4761 suam
2187 4713 2257 4761 se
2305 4688 2622 4783 garentire
2676 4702 2741 4761 et
