3485 5571
1633 701 1993 767 —420—

687 834 809 905 bec
855 829 1070 903 omnia
1143 844 1209 902 et
1281 830 1533 923 singula
1606 833 1894 924 predicta
1948 831 2269 905 faciebant
2344 847 2726 927 spontanee,
2795 857 2923 907 non

689 960 935 1029 coacte,
962 955 1139 1019 etc...
1194 944 1401 1017 Guido
1438 967 1617 1032 vero,
1681 949 1998 1038 presbiter
2047 961 2113 1019 et
2171 961 2430 1019 curatus
2504 948 2779 1021 ecclesie
2849 952 2930 1021 de

691 1059 1019 1145 Fontanis‚
1096 1063 1164 1131 in
1216 1084 1401 1153 cujus
1439 1064 1775 1154 parrochia
1831 1061 1953 1134 site
2013 1076 2166 1133 sunt
2239 1062 2488 1135 decime
2536 1063 2927 1156 supradicte,

691 1181 899 1250 dictas
937 1177 1342 1250 venditiones
1372 1201 1601 1251 omnes
1638 1201 1854 1250 coram
1887 1177 2061 1251 dicto
2096 1182 2340 1252 Jacobo
2378 1179 2579 1252 voluit
2651 1194 2715 1253 et
2774 1204 2934 1253 con-

691 1292 919 1378 cessit,
963 1295 1138 1365 salvo
1169 1290 1291 1364 sibi
1330 1295 1470 1386 jure
1494 1296 1667 1384 quod
1697 1295 1937 1365 babere
1967 1292 2031 1364 in
2071 1293 2343 1365 decimis
2371 1296 2697 1366 novalium
2732 1318 2803 1366 se
2829 1295 2936 1366 di-

693 1411 917 1493 cebat;
975 1420 1041 1478 et
1092 1409 1272 1478 dedit
1308 1410 1502 1479 fidem
1562 1407 1628 1477 in
1660 1430 1856 1479 manu
1920 1407 2074 1479 dicti
2111 1408 2332 1480 Jacobi
2381 1411 2553 1500 quod
2615 1412 2681 1479 in
2743 1408 2933 1480 dictis

693 1518 963 1591 decimis
1001 1519 1195 1592 nichil
1236 1521 1537 1591 decetero
1568 1543 1684 1610 per
1722 1543 1796 1591 se
1829 1522 1928 1591 vel
1980 1543 2096 1613 per
2142 1521 2336 1592 alium
2403 1520 2795 1592 reclamabit.
2860 1525 2932 1591 In

693 1636 879 1725 cujus
913 1633 1004 1705 rei
1027 1635 1405 1706 memoriam
1434 1647 1500 1706 et
1529 1632 1968 1706 testimonium
1997 1649 2332 1727 presentes
2359 1638 2608 1708 litteras
2659 1635 2933 1707 fecimus

693 1749 904 1840 sigillo
946 1747 1384 1821 Aurelianensi
1438 1752 1620 1820 curie
1676 1748 1986 1821 roborari.
2053 1754 2276 1821 Actum
2344 1753 2514 1841 apud
2588 1754 2929 1836 Fontanas‚

692 1885 860 1934 anno
898 1862 1158 1934 Domini
1213 1863 1556 1935 millesimo
1603 1863 2049 1936 ducentesimo
2115 1864 2515 1955 sexagesimo
2571 1864 2800 1957 primo,
2868 1864 2933 1934 in

691 1975 974 2049 crastino
1005 1979 1214 2049 sancti
1239 1975 1601 2062 Vincencii‚
1641 2000 1869 2050 mense
1893 1978 2211 2068 januario.

780 2096 909 2164 Nos
944 2114 1095 2164 vero
1131 2094 1454 2183 predictas
1494 2114 1724 2164 omnes
1760 2106 1826 2163 et
1850 2093 2139 2183 singulas
2169 2092 2571 2165 venditiones
2614 2096 2935 2178 volumus»,

690 2210 1025 2279 laudamus
1058 2221 1123 2278 et
1158 2220 1458 2298 tanquam
1491 2205 1900 2279 immediatus
1930 2212 2018 2298 ζεῖ
2073 2211 2253 2279 solus
2313 2211 2582 2280 feodalis
2638 2208 2939 2280 dominus

689 2324 1120 2414 approbamus
1149 2335 1216 2394 et
1245 2334 1449 2393 totum
1491 2325 1752 2395 {eodum
1779 2336 2070 2395 nostrum
2101 2324 2671 2396 ammortificamus
2706 2349 2725 2409 ;
2791 2347 2937 2414 pro-

690 2434 1025 2508 mittentes
1064 2439 1232 2508 bona
1273 2439 1396 2508 fide
1424 2460 1544 2509 nos
1575 2451 1799 2509 contra
1857 2436 2095 2510 dictam
2155 2436 2820 2510 ammortificationem
2877 2442 2938 2509 el

690 2564 917 2623 contra
957 2552 1280 2642 predictas
1304 2574 1534 2623 omnes
1557 2566 1622 2623 et
1648 2551 1935 2643 singulas
1956 2554 2363 2624 venditiones
2377 2555 2677 2624 decetero
2693 2552 2936 2623 ratione

688 2664 899 2756 aliqua
937 2689 1068 2737 non
1091 2665 1333 2750 venire,
1377 2679 1440 2737 et
1479 2689 1600 2737 nos
1636 2668 1899 2738 easdem
1961 2690 2191 2739 omnes
2260 2682 2325 2739 et
2364 2664 2651 2758 singulas
2706 2665 2932 2737 vendi-

690 2781 901 2855 tiones
926 2781 1299 2855 memoratis
1328 2783 1575 2855 decano
1614 2795 1679 2854 et
1706 2781 1987 2876 capitulo
2027 2784 2096 2853 in
2135 2807 2329 2855 manu
2352 2799 2599 2855 mortua
2625 2797 2936 2875 perpetuo

689 2896 1031 2988 garantire.
1076 2900 1146 2968 In
1176 2899 1360 2988 cujus
1391 2896 1506 2968 rei·
1536 2895 1913 2968 memoriam
1975 2910 2038 2968 et
2090 2897 2529 2969 testimonium
2600 2910 2934 2989 presentes

689 3010 937 3083 litteras
977 3010 1247 3083 lecimus
1270 3009 1461 3103 sigilli
1504 3011 1708 3083 nostri
1750 3009 2108 3084 munimine
2146 3012 2462 3084 roborari.
2523 3016 2758 3083 Datum
2822 3016 2936 3081 Au·

691 3124 1029 3219 r[elianis]‚
1094 3148 1264 3197 anno
1314 3123 1571 3197 Domini
1631 3123 1976 3197 millesimo
2028 3125 2477 3198 ducentesimo
2544 3125 2940 3217 sexagesimo

696 3239 926 3331 primo,
992 3239 1097 3312 die
1160 3239 1330 3331 jovis
1413 3253 1559 3331 post
1629 3239 2140 3332 purificationem
2218 3245 2409 3313 Beate
2489 3242 2679 3312 Marie
2754 3239 2942 3331 virgi·

696 3354 823 3426 nis.
1015 3447 1022 3454 ἐ

793 3476 807 3508 ¹
857 3472 1124 3541 Retenta
1167 3468 1417 3561 justitia
1479 3483 1693 3542 nostra
1754 3470 2321 3542 ammortilicamus
2349 3473 2469 3542 hec
2500 3470 2717 3542 omnia
2736 3493 2947 3560 supra-

703 3586 898 3656 dicta.
927 3588 1158 3655 Datum
1194 3598 1263 3654 ut
1301 3607 1517 3674 supra.

782 4738 798 4772 ¹
834 4739 1040 4810 ›Ajoute
1079 4740 1247 4795 d’une
1277 4754 1444 4796 encre
1482 4739 1609 4812 plus
1632 4737 1811 4794 noire.
