3485 5571
1390 720 1467 734 —
1517 686 1753 752 269—

1429 1011 1724 1075 CLXXIX

1288 1287 1367 1352 30
1402 1287 1667 1368 Janvier
1704 1285 1865 1350 1219

449 1517 865 1588 Promulgation
919 1532 1021 1588 par
1075 1517 1158 1572 les
1200 1514 1463 1586 delegnes
1514 1516 1895 1589 apostoliques
1940 1517 2010 1573 de
2052 1517 2107 1572 la
2136 1519 2399 1573 sentence
2429 1516 2718 1573 arbitrale-

939 1613 1170 1669 relative
1224 1629 1332 1668 aux
1373 1612 1555 1668 dimes
1605 1612 1675 1668 de
1713 1611 1806 1668 vin
1836 1612 1904 1668 de
1960 1612 2193 1669 Mardie.

820 1757 1000 1831 (Orig.
1055 1775 1101 1813 s.
1160 1757 1353 1830 parch.
1412 1756 1584 1812 Arch.
1644 1756 1720 1812 du
1776 1758 1986 1826 Loiret,
2044 1758 2110 1814 G.
2170 1759 2323 1830 347.)

532 1954 603 2021 Α.
650 1953 960 2037 decanus,
1018 1948 1236 2022 Simon
1294 1962 1358 2021 et
1397 1947 1542 2018 Milo
1588 1948 1883 2021 canonici
1935 1952 2319 2033 Meldenses,
2389 1952 2694 2022 omnibus

443 2075 785 2155 presentes
826 2064 1067 2133 litteras
1103 2060 1491 2153 inspecturis
1526 2064 1799 2133 salutem
1830 2062 1892 2131 in
1921 2061 2220 2133 Domino.
2254 2066 2514 2135 Noverit
2551 2062 2694 2133 uni-

442 2176 720 2248 versitas
761 2192 967 2248 vestra
1005 2179 1175 2268 quod
1217 2198 1364 2246 cum
1414 2175 1581 2246 inter
1646 2174 1818 2248 viros
1858 2175 2256 2247 venerabiles
2298 2177 2688 2270 L[ebertum]

439 2294 757 2362 decanum
811 2304 877 2362 et
935 2289 1282 2381 capitulum
1323 2288 1808 2374 Aurelianense,
1848 2311 1923 2360 ex
1966 2312 2088 2360 una
2131 2304 2332 2380 parte,
2382 2304 2446 2361 et
2482 2289 2690 2360 bomi-

442 2427 561 2477 nos
589 2408 671 2477 de
708 2403 1041 2496 parrochia
1081 2407 1160 2475 de
1201 2402 1489 2485 Marzeio‚
1521 2425 1593 2474 ex
1632 2407 1856 2490 altera,
1891 2425 2085 2494 super
2123 2402 2390 2475 decimis
2444 2402 2570 2473 vini
2609 2406 2687 2475 de

436 2521 647 2590 vinens
677 2541 836 2609 quas
897 2517 1047 2588 dicti
1089 2516 1385 2588 homines
1423 2519 1661 2587 babent
1718 2518 1781 2586 in
1826 2519 2160 2608 parrochia
2193 2520 2272 2589 de
2303 2516 2569 2589 Marzeio
2611 2515 2675 2586 in

438 2631 874 2705 decimatione
897 2630 1118 2722 prefati
1149 2629 1409 2722 capituli
1449 2653 1665 2702 coram
1707 2630 1896 2701 nobis
1920 2630 2300 2703 auctoritate
2328 2629 2679 2722 apostolica

438 2744 787 2820 contencio
816 2759 1191 2833 verteretur,
1212 2748 1293 2815 ab
1315 2746 1543 2817 eodem
1574 2743 1853 2836 capitulo
1879 2758 1943 2816 et
1968 2744 2270 2836 predictis
2292 2744 2692 2828 bominibus,

437 2864 615 2934 sicut
652 2884 727 2933 ex
765 2875 940 2953 parte
981 2859 1266 2951 ipsorum
1293 2860 1690 2951 accepimus,
1734 2861 1800 2929 in
1842 2858 2044 2930 virum
2078 2858 2507 2931 venerabilem
2541 2859 2691 2930 Wil-

437 2980 734 3060 lelmum‚
774 2977 1070 3045 abbatem
1131 2975 1321 3045 Curie
1376 2976 1522 3056 Dei,
1586 2987 1650 3044 et
1699 2996 1899 3045 unum
1954 2975 2034 3044 de
2075 2972 2355 3066 capitulo
2405 2974 2688 3045 Aurelia-

435 3089 661 3172 nensi,
694 3111 885 3180 quem
939 3086 1288 3178 capitulum
1348 3090 1565 3158 mallet
1602 3085 1865 3178 eligere,
1897 3085 2015 3157 fuit
2063 3090 2141 3158 de
2168 3086 2358 3158 dictis
2392 3086 2686 3171 decimis,

436 3207 571 3274 fide
605 3226 678 3274 ex
712 3215 886 3293 parte
916 3203 1233 3273 dictorum
1274 3199 1608 3273 hominum
1645 3201 2063 3293 corporaliter
2090 3201 2382 3293 prestita,
2425 3214 2491 3272 et
2524 3223 2688 3294 pena

433 3334 705 3390 centum
746 3318 1049 3387 librarum
1080 3313 1528 3408 parisiensium
1562 3319 1642 3386 ab
1667 3329 1936 3406 utraque
1968 3329 2145 3407 parte
2173 3317 2491 3407 apposita,
2526 3317 2696 3387 datis

432 3454 639 3523 super
677 3435 802 3502 boc
857 3428 1371 3521 fidejussoribus,
1419 3430 1988 3521 compromissum,
2048 3431 2133 3500 ita
2181 3428 2477 3501 videlicet
2523 3432 2695 3520 quod

431 3545 595 3619 dicti
613 3544 1130 3618 arbitristatuere
1143 3556 1536 3630 tenerentur,
1558 3555 1735 3615 etc...
1753 3548 2014 3634 (comme
2028 3545 2092 3614 la
2112 3545 2212 3615 ch.
2237 3544 2692 3627 CLXXVIII,

431 3664 721 3732 mutatis
761 3662 1209 3748 mutandis)...
1253 3659 1727 3749 adjungendus.
1761 3663 1922 3729 Cum
1974 3672 2189 3730 autem
2261 3657 2691 3750 prenominati

433 3780 733 3848 decanus
795 3788 859 3846 et
923 3773 1273 3865 capitulum
1337 3775 1415 3844 ad
1493 3772 1733 3843 dictum
1795 3771 2130 3844 arbitrium
2209 3771 2696 3864 suscipiendum

433 3891 649 3962 virum
691 3891 1121 3959 venerabilem
1163 3891 1512 3978 Paganum,
1542 3889 1985 3958 subdecanum
2028 3885 2578 3970 Aurelianensem,
2616 3910 2692 3958 ex

433 4019 623 4099 parte
664 4025 781 4074 sua
827 4000 1200 4093 elegissent,
1256 4023 1332 4073 ac
1406 4000 1616 4073 dictus
1678 4003 1879 4072 abbas
1917 4014 1981 4072 et
2035 4001 2206 4072 idem
2257 4002 2691 4083 subdecanus,

435 4122 620 4192 sicut
646 4139 722 4188 ex
751 4139 974 4188 eorum
1004 4114 1231 4186 litteris
1266 4117 1455 4206 plene
1492 4113 1954 4200 intelleximus,
1982 4137 2179 4206 super
2209 4113 2511 4207 predictis
2544 4115 2698 4187 licet

435 4238 508 4305 in
550 4230 811 4304 modico
852 4228 1057 4323 primo
1082 4232 1161 4300 ad
1192 4228 1466 4301 invicem
1497 4227 1969 4313 discordarent,
2012 4231 2220 4300 virum
2259 4226 2693 4301 venerabilem

436 4345 849 4438 Vulgrinum,
898 4348 1197 4417 abbatem
1243 4345 1463 4415 Sancti
1517 4344 1768 4415 Evurcii
1827 4341 2328 4423 Aurelianensis,
2388 4341 2452 4413 in
2515 4340 2687 4414 dicto

437 4460 710 4535 arbitrio
794 4457 917 4531 sibi
991 4457 1398 4530 concorditer
1457 4460 1905 4549 adJunxerunt.
1969 4456 2092 4544 Qui
2161 4473 2320 4541 tres,
2365 4458 2694 4528 voluntate

439 4575 738 4648 unanimi
772 4572 838 4645 in
863 4576 1158 4647 eamdem
1197 4571 1582 4645 sententiam
1624 4574 2123 4656 concordantes,
2160 4573 2378 4642 habito
2414 4571 2691 4661 pruden-

446 4689 610 4763 tium
659 4687 936 4762 consilio
992 4710 1188 4780 super
1245 4685 1606 4779 premissis,
1660 4685 1828 4759 sicut
1888 4685 1952 4757 in
2008 4684 2293 4777 ipsorum
2329 4682 2695 4776 patentibus
