3485 5571
1726 548 2084 611 —134—

780 695 894 763 pro
929 672 1212 744 remedio
1252 673 1463 746 anime
1504 698 1644 751 mee
1696 688 1760 747 et
1813 699 1927 767 pro
1972 675 2244 748 utilitate
2285 677 2639 754 animarum
2680 675 3018 769 episcopo·

779 809 920 856 rum
970 803 1191 858 sancte
1229 787 1701 862 Aurelianensis
1738 789 1910 861 sedis
1952 793 2334 873 futurorum,
2377 813 2450 862 ex
2492 794 2825 862 communi
2867 813 3021 868 con-

780 923 975 971 sensu
1029 900 1311 973 fidelium
1375 916 1741 974 nostrorum
1800 919 1927 974 tam
1985 904 2367 976 clericorum
2441 928 2630 995 quam
2680 903 3010 996 laicorum,

778 1017 989 1106 ipsum
1023 1018 1216 1086 altare
1250 1016 1416 1086 beati
1449 1017 1762 1087 Laurentii
1805 1017 2090 1110 quietum
2130 1021 2576 1106 concedimus,
2619 1020 2772 1090 dum
2807 1033 3016 1089 tamen

783 1128 845 1201 in
902 1152 1123 1199 eorum
1161 1144 1475 1220 potestate
1518 1133 1946 1223 permanserit
1997 1145 2060 1203 et
2119 1131 2413 1205 monachi
2474 1145 2695 1204 sancte
2736 1132 2922 1203 Marie
2960 1148 3020 1208 et

781 1244 983 1314 sancti
1025 1244 1339 1315 Laurentii
1380 1244 1616 1316 ibidem
1659 1249 1793 1317 Deo
1835 1246 2192 1333 servierint,
2235 1246 2318 1320 ita
2349 1261 2415 1320 ut
2441 1246 2715 1322 vicarius
2746 1249 3017 1318 ecclesie

782 1359 888 1452 qui
936 1383 970 1428 a
1015 1360 1584 1450 predecessoribus
1612 1359 1850 1431 nostris
1894 1360 2260 1451 exigebatur
2311 1383 2347 1431 a
2393 1363 2566 1432 nullo
2622 1373 3019 1453 posterorum

783 1487 1144 1543 nostrorum
1185 1473 1459 1565 amplius
1482 1474 1765 1566 exigatur
1789 1487 1851 1545 et
1883 1497 2090 1565 neque
2124 1476 2312 1550 nobis
2341 1497 2549 1564 neque
2574 1473 2852 1566 posteris
2876 1497 3020 1544 nos·

785 1586 897 1656 tris
927 1587 1269 1658 infractura
1299 1590 1586 1679 ejusdem
1614 1589 1890 1660 ecclesie
1925 1602 1989 1658 et
2014 1587 2338 1672 cimiterii,
2383 1589 2434 1658 si
2470 1592 2627 1659 sorte
2659 1587 3017 1679 contigerit,

784 1724 991 1795 neque
1026 1700 1284 1772 claustri
1329 1707 1788 1778 monachorum
1831 1725 1976 1774 cum
2008 1702 2281 1774 officinis
2311 1715 2374 1772 et
2396 1701 2782 1795 appenditiis
2811 1724 3022 1774 earum

783 1815 993 1906 aliquo
1034 1817 1223 1886 modo
1263 1816 1535 1908 amplius
1562 1820 1966 1898 emendetur,
2001 1831 2064 1887 et
2106 1818 2158 1886 si
2204 1820 2363 1886 torte
2405 1815 2688 1888 evenerit
2719 1828 2788 1887 ut
2819 1815 3023 1906 aliqua

782 1931 1124 2000 infractura
1165 1929 1249 1999 ibi
1282 1933 1385 1999 liat
1418 1928 1774 2014 homicidii,
1821 1929 2166 2020 sacrilegii,
2199 1929 2518 2015 adulterii,
2565 1928 2737 2015 tutti,
2768 1928 3020 2021 sangui-

785 2043 885 2112 nis
916 2043 1247 2115 efl'usionis
1289 2047 1385 2114 vel
1424 2045 1696 2136 alicujus
1731 2044 2111 2114 offensionis
2155 2044 2257 2113 ubi
2301 2044 2739 2115 reconciliatio
2791 2065 3021 2115 conve·

783 2159 940 2239 nial,
985 2156 1098 2228 Dei
1141 2157 1336 2247 gratia
1371 2160 1658 2248 juvante,
1691 2181 1729 2228 a
1767 2157 2100 2228 monachis
2132 2157 2368 2232 ibidem
2403 2163 2538 2229 Deo
2566 2158 3020 2236 famulantibus

785 2272 1008 2341 eadem
1052 2271 1487 2341 reconciliatio
1518 2275 1902 2343 celebretur.
1964 2272 2026 2342 Si
2095 2294 2243 2342 vero
2305 2271 2654 2362 oportuerit
2697 2287 2765 2342 ut
2803 2274 3022 2344 altaria

784 2384 1022 2454 ibidem
1086 2387 1164 2454 de
1221 2408 1385 2455 novo
1447 2385 1844 2456 aedificentur
1898 2399 1961 2456 et
2025 2400 2235 2456 vetera
2294 2387 2638 2477 aliquando
2695 2387 3029 2458 deleantur

787 2498 939 2567 nihil
998 2500 1147 2570 inde
1209 2499 1471 2570 omnino
1532 2504 1611 2569 ab
1662 2499 1757 2571 eis
1828 2499 2135 2591 exigatur.
2201 2504 2328 2569 Hec
2388 2497 2751 2592 supradicta
2817 2500 3025 2571 eidem

785 2615 1231 2697 concedimus,
1299 2614 1490 2686 salvis
1552 2614 1784 2686 ceteris
1841 2614 2422 2685 consuetudinibus
2483 2628 2547 2684 et
2628 2613 3028 2704 subjectione

784 2751 973 2820 quam
1007 2731 1197 2801 debet
1235 2730 1457 2800 eadem
1498 2728 1772 2802 ecclesia
1815 2728 1999 2799 matri
2048 2753 2164 2801 sue
2217 2734 2451 2801 Sancte
2498 2727 2719 2799 Crucis
2751 2727 3029 2800 ecclesie

784 2858 848 2913 et
892 2845 1101 2930 nobiS‚
1148 2844 1441 2916 videlicet
1480 2844 1832 2916 refectione
1868 2844 1931 2914 in
1981 2844 2191 2935 vigilia
2221 2850 2287 2915 S.
2332 2842 2653 2915 Laurentii
2682 2856 2746 2914 et
2785 2845 3031 2935 synodo

785 2973 849 3030 et
896 2958 1112 3030 Ramis
1153 2962 1529 3051 palmarum,
1581 2974 1642 3029 et
1684 2962 1764 3030 de
1803 2959 2149 3030 reddendis
2195 2962 2449 3030 duobus
2510 2957 2786 3050 pellibus
2828 2957 3032 3048 capri-

788 3072 887 3143 nis
929 3088 1148 3144 nostro
1188 3072 1457 3155 cantori,
1511 3087 1574 3143 et
1628 3071 1938 3143 revestitu
1993 3072 2354 3143 sacerdotis
2423 3072 2485 3141 in
2549 3071 2651 3142 die
2710 3069 3036 3142 dominica

786 3202 848 3258 et
890 3187 1146 3279 justicia
1204 3190 1282 3259 de
1339 3190 1482 3278 ipso
1523 3188 1881 3257 sacerdote.
1929 3190 2055 3257 Hec
2107 3208 2256 3257 vero
2305 3209 2430 3276 que
2482 3185 2577 3257 eis
2617 3184 3034 3257 concedimus

789 3314 1005 3373 nostre
1044 3298 1446 3373 authoritatis
1473 3311 1857 3371 testamento
1889 3297 2250 3368 confirmari
2287 3301 2606 3368 volumuS.

788 3420 803 3453 ¹
837 3418 903 3483 S.
945 3412 1211 3484 loannis
1250 3412 1539 3504 episcopi
1580 3413 1861 3482 Aurelia·
1963 3415 2028 3480 S.
2071 3410 2316 3481 Odonis
2358 3411 2753 3484 cancellarii.

1010 3528 1257 3599 nensiS.
1963 3528 2027 3593 S.
2073 3523 2335 3594 Mauritii
2378 3524 2942 3617 archipresbyteri.

835 3649 899 3714 S.
947 3643 1336 3733 Radulphi
1397 3642 1859 3734 archiepiscopi
1963 3641 2028 3707 S.
2075 3638 2395 3711 Gausrredi
2435 3640 2817 3709 subdecani.

1010 3757 1425 3827 Turonensis.
1958 3756 2020 3825 S.
2069 3754 2353 3843 Hugonis
2388 3751 2842 3823 archidiaconi.

836 3877 902 3942 S.
944 3872 1191 3941 Attonis
1221 3872 1472 3941 decani.
1963 3876 2028 3943 S.
2070 3868 2334 3939 loannis
2374 3868 2831 3955 archidiaconi.

836 3990 901 4055 S.
942 3984 1203 4054 Mauritii
1249 3985 1551 4056 cantoris,
1964 3991 2030 4056 S.
2073 3982 2363 4074 Ildegarii
2404 3985 2828 4054 succentoris.

837 4103 901 4167 S.
950 4098 1231 4193 lingonis
1270 4098 1559 4170 sacriste.
1965 4106 2029 4171 S.
2079 4098 2405 4172 Odobrici.

863 4363 881 4397 ¹
919 4381 945 4419 tt
979 4363 1076 4417 His
1106 4370 1291 4418 autem
1322 4364 1606 4421 adduntur
1635 4364 1692 4420 in
1722 4365 2022 4421 cartulario
2041 4364 2391 4421 Cluniacensi
2413 4382 2443 4421 t
2470 4382 2482 4418 :
2516 4365 2621 4419 Les
2638 4380 2801 4421 noms
2821 4365 3035 4421 suivent

792 4469 891 4507 sur
918 4470 1028 4507 une
1054 4454 1310 4507 colonne.
1347 4454 1450 4508 Ces
1481 4471 1643 4509 noms
1691 4472 1763 4509 ne
1808 4455 2108 4525 figuraient
2160 4454 2306 4510 donc
2352 4472 2452 4527 pas
2494 4472 2565 4511 au
2614 4456 2916 4515 cartulaire
2961 4454 3028 4509 de

792 4543 1190 4598 Sainte-Croix.
