3485 5571
1830 675 1909 688 -
1951 640 2069 707 430
2109 676 2187 690 ,.,.

885 775 944 845 la
985 794 1205 866 rayne,
1250 794 1334 843 an
1375 772 1500 842 l’an
1531 771 1612 842 de
1666 792 1861 861 grace
1897 774 2126 841 Nostre
2165 773 2454 860 Segnenr
2493 767 2604 839 mil
2656 780 2725 840 et
2764 769 2929 839 deux
2979 789 3119 840 cenz

888 900 953 959 et
986 898 1209 978 quatre
1240 887 1387 956 vinz
1414 899 1479 956 et
1508 884 1671 971 buit,
1697 907 1736 956 o
1766 882 1934 956 mois
1964 882 2211 969 d'avril,
2235 886 2295 955 le
2319 882 2661 955 dimancbe
2688 904 2883 975 apres
2910 879 3120 968 Quasi-

887 1002 1109 1085 modo,
1140 1012 1206 1072 et
1244 1004 1336 1071 lut
1375 1002 1462 1072 let
1498 1010 1565 1071 et
1600 1001 1843 1071 acorde
1883 1022 1917 1070 a
1951 1002 2182 1090 Guays.

1846 1287 2168 1349 CCCLVIll

1826 1526 2002 1589 Avril
2044 1524 2204 1589 1288

1457 1701 1790 1777 Expedition
1818 1702 1896 1759 du
1942 1703 2127 1759 meme
2163 1708 2284 1759 acte
2311 1718 2383 1759 en
2410 1701 2564 1758 latin.

1307 1850 1488 1922 (Orig.
1515 1866 1561 1906 s.
1595 1849 1789 1921 parch.
1823 1847 1991 1905 Arcb.
2023 1848 2102 1904 du
2130 1848 2322 1904 Loiret
2349 1849 2416 1905 G.
2444 1847 2554 1905 350
2584 1848 2718 1921 bis.)

978 2018 1305 2092 Universis
1344 2031 1681 2110 presentes
1725 2018 1972 2088 litteras
2018 2014 2414 2108 inspecturis
2450 2014 2749 2088 officialis
2792 2018 3130 2088 Carnoten·

886 2133 979 2207 sis
1017 2138 1295 2207 salutem
1324 2132 1390 2205 in
1430 2135 1733 2206 Domino.
1771 2133 2072 2204 Noverint
2131 2130 2411 2205 universi
2459 2133 2636 2223 quod
2675 2154 2900 2204 coram
2964 2130 3131 2203 Guil-

885 2253 1089 2322 lermo
1123 2251 1203 2321 de
1230 2252 1456 2333 Puteo,
1511 2246 1746 2320 clerico
1785 2245 1962 2318 curie
2004 2258 2253 2332 nostre,
2305 2244 2555 2318 notario
2586 2248 2799 2338 jurato
2833 2248 2920 2317 ad
2950 2250 3071 2318 boc
3099 2268 3129 2315 a

887 2362 1073 2434 nobis
1126 2360 1490 2454 specialiter
1546 2360 1891 2443 destinato,
1942 2359 2046 2432 cui
2105 2372 2417 2451 quantum
2479 2361 2561 2432 ad
2625 2362 2746 2433 bec
2793 2376 2862 2432 et
2902 2362 3130 2452 maiora

887 2480 1079 2548 fidem
1127 2475 1508 2548 adhibemus
1572 2473 1951 2568 pleniorem,
2016 2487 2081 2545 et
2130 2473 2196 2543 in
2258 2472 2593 2565 presencia
2653 2472 2864 2565 ipsius
2911 2472 3129 2546 notarii

887 2592 1090 2663 nostri
1128 2606 1191 2662 et
1242 2592 1520 2662 'testium
1563 2586 1828 2660 inferius
1884 2587 2385 2675 nominatorum,
2430 2601 2692 2681 propter
2723 2590 2855 2660 hoc
2922 2610 3132 2681 perso·

885 2704 1111 2777 naliter
1170 2702 1529 2787 constituti,
1597 2702 1996 2774 Heimericus
2045 2703 2126 2774 de
2179 2701 2378 2789 Gaiis,
2418 2701 2720 2795 armiger,
2763 2716 2827 2774 et
2871 2701 3130 2774 domina

883 2826 1170 2892 johanna
1210 2823 1290 2892 de
1323 2820 1593 2892 Buxiaco
1618 2818 1897 2911 Riparie,
1925 2822 2064 2911 ejus
2093 2842 2272 2903 uxor,
2304 2822 2629 2911 quondam
2665 2842 2824 2891 uxor
2853 2818 3131 2891 defuncti

888 2935 1166 3028 Crispini
1229 2938 1309 3006 de
1371 2933 1773 3027 Ruppeforti,
1829 2937 2150 3024 quondam
2216 2931 2463 3019 militis,
2526 2932 2811 3006 confessi
2887 2938 3132 3006 suerunt

887 3072 1106 3122 coram
1141 3049 1314 3121 dicto
1336 3050 1574 3140 jurato,
1616 3058 1792 3120 etc...
1831 3050 1966 3148 (ch.
2022 3049 2416 3137 CCCLVI)...

972 3167 1046 3235 Et
1074 3163 1610 3235 renunciaverunt
1638 3185 1753 3255 per
1774 3164 1966 3233 fidem
2002 3185 2183 3234 suam
2224 3160 2528 3234 omnibus
2558 3160 2900 3255 premissis
2933 3159 3126 3234 modis

887 3276 1187 3349 omnibus
1202 3279 1724 3369 quibuscunque,
1750 3276 2160 3370 presentibus
2176 3279 2254 3348 ad
2272 3280 2393 3349 bec
2415 3279 2753 3349 Guillelmo
2772 3282 2858 3349 Le
2875 3280 3123 3359 Ferron,

886 3395 1157 3464 custode
1196 3391 1387 3483 sigilli
1431 3390 1834 3483 prepositure
1873 3389 2302 3484 Stampensis,
2341 3394 2633 3463 Jobanne
2676 3392 3018 3483 Picquardi
3055 3392 3125 3461 de

888 3504 1210 3588 Corbolio,
1242 3505 1601 3596 Reginaldo
1627 3506 1708 3576 de
1745 3502 1942 3588 Gaiis,
1968 3503 2203 3589 milite,
2226 3507 2574 3578 Guillermo
2592 3503 2929 3595 Marquier,
2965 3526 3122 3596 pres-

887 3623 1114 3706 bitero,
1167 3634 1416 3691 rectore
1473 3617 1750 3691 ecclesie
1811 3620 1892 3691 de
1955 3617 2284 3702 Fontanis‚
2346 3633 2764 3711 procuratore
2820 3621 3126 3691 dictorum

884 3732 1110 3805 decani
1137 3747 1199 3805 et
1225 3731 1515 3824 capituli,
1545 3731 1822 3804 testibus
1859 3735 1939 3803 ad
1977 3734 2103 3804 boc
2132 3735 2216 3804 ab
2256 3730 2401 3824 ipso
2434 3735 2648 3824 jurato
2692 3748 2919 3804 nostro
2954 3754 3128 3804 voca-

888 3850 972 3919 tis
996 3862 1063 3918 et
1085 3847 1348 3939 rogatis,
1383 3860 1571 3940 prout
1609 3850 1727 3919 bec
1764 3844 1979 3918 omnia
2008 3846 2221 3919 dictus
2240 3849 2491 3938 juratus
2523 3859 2773 3931 noster,
2807 3845 2911 3919 c'ui
2938 3868 3128 3937 quan·

887 3977 1022 4033 tum
1050 3963 1128 4032 ad
1155 3964 1276 4034 bec
1304 3975 1371 4034 et
1394 3964 1632 4053 majora
1659 3964 1849 4033 fidem
1876 3960 2259 4034 adhibemus
2285 3962 2671 4053 pleniorem,
2705 3960 2897 4032 nobis
2924 3957 3130 4032 retulit

888 4078 1025 4150 viva
1063 4100 1245 4150 voce.
1290 4081 1359 4149 ln
1420 4080 1605 4169 cujus
1656 4076 1749 4149 rei
1804 4075 2248 4150 testimonium
2289 4090 2352 4149 et
2393 4075 2726 4148 munimen
2766 4080 2847 4148 ad
2877 4073 3131 4149 relacio·

889 4214 1036 4264 nem
1076 4190 1230 4264 dicti
1264 4190 1457 4284 jurati
1496 4189 1698 4263 nostri
1756 4202 1821 4263 et
1865 4189 2242 4283 petitionem
2274 4190 2592 4264 dictorum
2631 4190 3035 4262 venditorum
3069 4201 3128 4259 et

887 4309 1336 4398 fidejussorum
1405 4329 1668 4377 suorum
1716 4319 1786 4377 et
1839 4305 2154 4377 dictorum
2209 4303 2561 4377 Theobaldi
2622 4316 2689 4377 et
2739 4305 2888 4396 ejus
2925 4301 3126 4375 uxon‘s

887 4420 1172 4512 sigillum
1213 4435 1504 4492 nostrum
1565 4421 1980 4513 presentibus
2040 4418 2279 4491 litteris
2318 4417 2617 4502 duximus
2648 4420 3122 4511 apponendum.

886 4539 1119 4606 Datum
1189 4557 1360 4606 anno
1433 4532 1689 4605 Domini
1757 4532 2100 4605 millesimo
2177 4530 2666 4606 duccentesimo
2731 4530 3125 4623 octogesimo

887 4663 1139 4734 octavo,
1182 4669 1442 4721 mensse
1476 4646 1704 4740 aprilli.
2515 4651 2591 4720 G.
2641 4673 2716 4716 ns
2765 4650 2959 4718 Porro
