3485 5571
1316 674 1392 687 -
1433 637 1552 703 389
1593 669 1674 687 -

1384 999 1630 1064 CCXKHI

1252 1281 1330 1349 24
1376 1281 1539 1345 avril
1579 1280 1736 1346 1251

358 1515 565 1585 Gittes,
585 1521 809 1572 recteur
827 1514 899 1570 de
933 1513 1146 1587 l'eglise
1179 1514 1250 1571 de
1272 1513 1475 1587 Many,
1495 1516 1787 1571 reconnatt
1809 1514 2004 1571 devoir
2026 1515 2059 1570 ὲ
2087 1515 2300 1587 l’eglise
2321 1515 2619 1573 d’Orleans

783 1611 837 1670 la
874 1611 1024 1668 dime
1044 1611 1115 1668 de
1149 1627 1240 1668 ses
1271 1610 1484 1683 vignes,
1513 1611 1652 1684 qu'il
1677 1616 1898 1684 promet
1918 1610 1990 1667 de
2013 1626 2205 1685 payer.

872 1757 1049 1831 (Orig.
1091 1774 1192 1815 sur
1217 1758 1414 1833 parch.
1445 1758 1616 1815 Arch.
1649 1758 1726 1814 du
1752 1756 1958 1829 Loiret‚
1991 1759 2084 1828 G.)

455 1972 782 2047 Omnibus
820 1986 1155 2068 presentes
1193 1976 1439 2046 litteras
1491 1974 1884 2067 inspecturis
1944 1979 2293 2063 manasses,
2335 1981 2620 2053 decanus

363 2088 879 2174 Aurelianensis,
924 2092 1195 2161 salutem
1258 2087 1323 2159 in
1380 2090 1686 2161 Domino.
1739 2089 2043 2162 Noverint
2096 2091 2381 2166 universi
2447 2099 2620 2186 quod

362 2226 519 2275 cum
542 2202 884 2276 contencio
914 2215 1265 2276 verteretur
1290 2201 1458 2275 inter
1482 2202 1684 2274 virum
1711 2206 2142 2277 venerabilem
2169 2189 2616 2302 R[obertum]‚

363 2317 897 2390 archidiaconum
938 2319 1379 2389 Soliacensem
1424 2314 1487 2386 in
1528 2315 1805 2389 ecclesia
1861 2320 2329 2406 Aurelianensi,
2371 2344 2446 2393 ex
2484 2345 2612 2394 una

365 2444 551 2523 parte
615 2432 662 2517 ¹,
738 2444 803 2503 et
892 2430 1276 2523 magistrum
1359 2429 1677 2516 Gilonem‚
1763 2446 2080 2505 rectorem
2172 2434 2448 2507 ecclesie
2536 2436 2617 2505 de

364 2544 663 2630 Marzeio,
706 2568 782 2617 ex
818 2547 1043 2628 altera,
1097 2566 1293 2636 super
1331 2542 1581 2614 decima
1615 2542 1945 2615 vinearum
1991 2568 2153 2636 quas
2201 2546 2373 2619 idem
2414 2561 2624 2619 rector

363 2671 546 2732 tenet
576 2663 645 2729 in
674 2657 973 2750 parochia
1003 2660 1084 2729 de
1115 2654 1377 2729 Marzeio
1405 2654 1665 2729 nomine
1689 2656 1964 2730 ecclesie
1994 2660 2074 2731 de
2105 2660 2394 2748 Marzeio,
2426 2683 2618 2753 quam

366 2772 689 2845 decimam
730 2771 942 2845 dictus
979 2769 1470 2844 archidiaconus
1523 2773 1781 2864 petebat
1820 2770 2081 2845 nomine
2124 2774 2399 2847 ecclesie
2433 2780 2626 2848 Aure-

359 2885 678 2959 lianensis
706 2910 742 2957 a
782 2885 953 2959 dicto
1005 2898 1254 2958 rectore
1287 2910 1306 2970 ;
1350 2886 1609 2957 tandem
1642 2884 1853 2957 dictus
1890 2900 2133 2973 rector,
2173 2885 2239 2959 in
2275 2889 2613 2981 presencia

374 3015 601 3072 nostra
641 2998 1062 3084 constitutus,
1103 2989 1277 3071 dicto
1329 2997 1793 3071 archidiacono
1838 2998 2140 3074 similiter
2171 3016 2500 3094 presente,
2532 3026 2632 3076 re-

365 3112 673 3204 cognovit
728 3136 801 3185 se
848 3111 1020 3185 dicto
1059 3111 1508 3184 archidiacono
1548 3114 1756 3184 teneri
1797 3112 2070 3206 singulis
2110 3116 2298 3188 annis
2351 3115 2615 3190 nomine

368 3223 649 3298 ecclesie
678 3222 1154 3297 Aurelianensis
1192 3226 1272 3296 ad
1298 3225 1702 3296 reddendum
1739 3224 2123 3317 legittimam
2144 3227 2459 3301 decimam
2476 3253 2618 3322 pre-

372 3338 692 3411 dictarum
735 3338 1090 3421 vinearum,
1154 3339 1537 3431 promittens
1594 3361 1666 3410 se
1712 3338 1990 3431 singulis
2050 3342 2237 3414 annis
2274 3342 2627 3435 legitimam

375 3452 693 3525 decimam
726 3452 1040 3525 dictarum
1082 3451 1409 3524 vinearum
1441 3450 1613 3524 dicto
1642 3453 2097 3528 archidiacono
2127 3460 2294 3529 bona
2333 3461 2457 3531 fide
2482 3461 2628 3531 red-

374 3564 685 3636 diturum.
749 3569 819 3636 ln
868 3568 1054 3657 cujus
1093 3564 1183 3636 rei
1224 3563 1669 3637 testimonium
1714 3581 2052 3658 presentes
2108 3568 2353 3641 litteras
2392 3573 2472 3642 ad
2513 3594 2624 3662 pe-

376 3677 683 3751 ticionem
722 3679 872 3751 dicti
913 3683 1184 3752 rectoris
1224 3677 1412 3770 sigilli
1455 3678 1658 3750 nostri
1721 3679 2081 3755 munimine
2117 3685 2395 3755 fecimus
2433 3688 2625 3757 robo-

379 3792 529 3866 rari.
568 3796 798 3865 Datum
829 3816 999 3865 anno
1023 3792 1278 3865 Domini
1317 3792 1660 3866 millesimo
1686 3796 1785 3864 CC
1823 3792 2356 3889 quinquagesimo
2386 3798 2623 3892 primo,

380 3904 443 3976 in
475 3906 757 3978 crastino
788 3904 1114 3978 dominice
1154 3929 1277 3997 qua
1304 3918 1597 3978 cantatur
1634 3906 2056 3993 Quasimodo.

454 4493 473 4529 ¹
513 4491 948 4548 L’intervention
969 4492 1039 4547 de
1058 4492 1440 4548 l'archidiacre
1468 4492 1538 4548 de
1557 4493 1714 4566 Sully
1744 4510 1952 4566 prouve
1974 4493 2386 4550 suffisamment
2401 4493 2536 4564 qu'il
2555 4508 2629 4549 ne

388 4581 541 4654 s'agit
569 4598 670 4656 pas
689 4582 760 4639 de
806 4582 1045 4653 Mar-die,
1085 4581 1444 4654 dependance
1472 4582 1682 4639 directe
1709 4582 1787 4638 du
1816 4582 2070 4656 doyenne
2108 4581 2178 4637 de
2221 4582 2626 4651 Sainte-Croix,

386 4670 452 4726 de
478 4674 661 4727 meme
692 4689 823 4744 que,
852 4673 983 4744 plus
1020 4673 1179 4743 haut,
1207 4672 1620 4729 l'intervention
1649 4672 1727 4729 du
1766 4679 1947 4729 comte
1978 4671 2048 4729 de
2074 4672 2290 4729 Nevers
2320 4672 2449 4744 (Ch.
2467 4671 2619 4747 CII).
