3485 5571
1601 689 1674 698 —
1718 656 1875 718 CXII
1920 688 1999 698 —

664 784 1046 854 d’Orleans
1114 783 1511 854 donnerent
1562 784 2045 854 Notre-Dame
2107 783 2195 853 de
2255 782 2519 852 l’Hotel
2572 788 2611 851 a
2667 782 2929 853 Fonte-

665 898 913 981 vraud,
949 899 1071 990 qui
1105 923 1153 990 y
1191 898 1406 968 fonda
1436 898 1502 967 le
1533 900 1813 990 prieure
1853 899 1940 968 de
1973 899 2039 968 la
2073 898 2530 968 Madeleine¹.

761 1013 964 1082 Nous
1017 1012 1526 1104 manquerions
1592 1018 1631 1081 a
1700 1017 1859 1082 tout
1918 1013 2164 1082 devoir
2236 1012 2324 1081 de
2406 1011 2760 1103 gratitude
2833 1032 2922 1080 en

565 1166 569 1169 Α
668 1125 1120 1195 n’adressant
1148 1150 1303 1218 paS,
1339 1132 1378 1195 a
1410 1126 1476 1195 la
1507 1116 1724 1196 finde
1758 1150 1841 1196 ce
1882 1126 2156 1208 travail,
2192 1148 2328 1196 nos
2352 1127 2926 1195 remerciements

667 1245 705 1308 a
747 1240 919 1307 MM.
964 1239 1254 1331 Vignat,
1297 1241 1419 1331 qui
1455 1261 1494 1308 a
1536 1245 1790 1309 ouvert
1830 1241 1896 1309 la
1936 1240 2100 1310 voie
2136 1241 2264 1309 des
2308 1238 2787 1332 publications
2837 1237 2926 1307 de

671 1354 1089 1423 cartulaires
1157 1354 1561 1439 orleanais;
1627 1354 1997 1439 Cuissard,
2036 1353 2316 1423 l’erudit
2390 1352 2926 1422 bibliothecaire

670 1465 1071 1548 d’Orleans‚
1114 1465 1289 1536 dont
1316 1468 1423 1536 les
1466 1469 1797 1559 precieux
1842 1469 2269 1560 repertoires
2302 1490 2379 1537 se
2420 1472 2590 1536 sont
2639 1469 2922 1536 ouverts

671 1603 853 1671 pour
907 1604 1128 1663 nous;
1165 1582 1479 1674 Auvray,
1525 1581 2066 1651 bibliothecaire
2121 1604 2213 1650 au
2253 1581 2741 1673 departement
2796 1578 2923 1647 des

669 1695 1105 1763 manuscrits
1144 1700 1183 1763 a
1215 1695 1280 1763 la
1324 1695 1827 1787 Bibliotheque
1865 1694 2270 1777 Nationale,
2304 1694 2428 1785 qui
2479 1716 2665 1763 nous
2703 1716 2742 1761 a
2774 1715 2925 1785 pro-

668 1807 887 1898 digue
947 1830 1080 1878 son
1132 1831 1488 1878 concours
1524 1834 1540 1891 ;
1624 1811 1812 1878 enfin
1880 1815 1919 1878 a
1995 1815 2196 1878 notre
2264 1808 2628 1899 distingue
2706 1805 2922 1875 archi·

667 1921 877 2008 viste,
916 1921 1011 1990 M.
1066 1922 1381 2013 Jacques
1429 1922 1681 2015 Soyer,
1718 1931 1930 2015 grace
1981 1923 2241 2014 auquel
2304 1944 2489 1991 nous
2546 1944 2769 1990 avons
2828 1944 2923 2011 pu

669 2040 1039 2104 retrouver
1071 2035 1592 2127 quelques-uns
1626 2036 1761 2135 des
1815 2037 2189 2128 originaux
2235 2036 2558 2107 distraits
2606 2034 2734 2103 des
2785 2056 2925 2103 car-

669 2154 838 2218 tons
879 2149 975 2218 du
1008 2148 1222 2219 fonds
1263 2149 1351 2220 de
1397 2151 1914 2222 Sainte-Croix.

2170 2376 2219 2386 ι.-

671 2505 803 2562 boni
828 2505 957 2578 quis
981 2505 1232 2576 gesserit,
1262 2504 1507 2560 maxime
1535 2505 1594 2559 in
1625 2508 1821 2559 sancta
1847 2504 2104 2572 eeclesia,
2137 2504 2390 2577 apicibus
2429 2504 2765 2575 litterarum,
2798 2519 2920 2576 quae

671 2601 807 2651 sunt
850 2610 1050 2650 vocum
1098 2599 1261 2665 notae,
1291 2600 1513 2667 oportet
1553 2593 1799 2651 tradere.
1855 2594 2036 2665 Igitur
2082 2610 2183 2665 ego
2226 2593 2562 2666 [Odon-iem,
2604 2594 2781 2665 gratia
2827 2593 2924 2648 Dei

671 2689 877 2741 sanctae
908 2683 1326 2740 Aurelianensis
1357 2684 1608 2739 ecclesiae
1645 2684 1987 2755 episcopus],
2023 2690 2222 2740 notum
2269 2684 2340 2738 iri
2381 2686 2507 2740 volo
2538 2690 2655 2740 tam
2684 2699 2911 2755 presen-

672 2775 819 2831 tibus
853 2790 1021 2847 quam
1070 2773 1298 2841 futuris»,
1358 2773 1498 2830 meis
1542 2773 1754 2829 scilicet
1821 2774 2265 2842 successoribus,
2311 2775 2554 2846 qualiter
2598 2772 2911 2843 AzineriuS,

671 2871 877 2920 nostrae
914 2863 1160 2919 ecclesiae
1190 2864 1510 2934 canonicus,
1546 2878 1961 2933 recognoscens
1999 2880 2058 2919 se
2098 2868 2292 2918 contra
2340 2879 2522 2918 meam
2567 2865 2911 2918 voluntatem

672 2955 886 3025 aegisse,
915 2959 1164 3009 nostram
1193 2953 1308 3009 adit
1334 2953 1706 3025 praesentiam,
1728 2953 1905 3007 lenire
1925 2953 2156 3024 cupiens
2182 2970 2306 3024 quae
2331 2953 2707 3024 delinquendo
2729 2952 2784 3006 in
2814 2967 2903 3006 me

670 3045 862 3115 gessit.
896 3044 1006 3100 Sed
1035 3059 1164 3098 cum
1192 3043 1251 3098 in
1278 3043 1433 3098 nullo
1464 3043 1589 3113 ejus
1629 3042 1993 3113 petitionibus
2031 3058 2328 3099 assensum
2375 3043 2703 3114 praeberem,
2734 3041 2910 3120 gravi-

673 3139 870 3206 terque
896 3148 991 3188 me
1020 3132 1125 3187 sibi
1156 3133 1443 3188 infensum
1492 3138 1875 3204 cognosceret,
1930 3133 2179 3201 tandem,
2221 3138 2279 3188 ut
2324 3133 2701 3189 satisfactione
2738 3133 2920 3204 placa·

670 3222 840 3278 bilem
868 3222 1145 3293 redderet,
1176 3224 1475 3279 ecclesiam
1504 3225 1719 3280 Sanctae
1772 3223 1960 3278 Mariae
2009 3223 2332 3294 HospitaliS,
2366 3238 2540 3293 quam
2572 3222 2686 3277 vice
2715 3220 2920 3276 vicaria

670 3313 929 3385 optinuit,
963 3318 1168 3368 sanctae
1187 3314 1289 3370 Dei
1321 3312 2029 3385 ecclesiae[Aure1ianensi]
2064 3318 2119 3368 et
2147 3312 2287 3367 mihi
2312 3311 2575 3367 reddidit.
2608 3294 2787 3376 Quam
2826 3309 2922 3364 diu

670 3403 982 3471 alienatam,
1012 3402 1352 3475 tandemque
1395 3409 1599 3459 sanctae
1630 3405 1729 3459 Dei
1760 3403 2010 3459 ecclesiae
2056 3403 2391 3469 restitutam,
2420 3418 2492 3457 ne
2518 3402 2645 3474 quis
2675 3415 2919 3472 praesen·

671 3494 813 3548 tium
842 3491 926 3547 vel
952 3491 1273 3548 futurorum
1300 3493 1562 3565 deinceps
1599 3493 1824 3550 auferre
1855 3498 2238 3566 praesumeret,
2268 3497 2538 3564 perpetuo
2565 3490 2916 3547 anathemate

671 3581 1085 3651 interdiximus,
1116 3582 1492 3653 praesentibus
1523 3583 1750 3653 regibus
1781 3583 1988 3640 nostris
2017 3588 2184 3654 atque
2214 3580 2492 3654 episcopis
2525 3597 2539 3637 ε

742 3690 783 3762 †
814 3689 1073 3745 Rotberti
1098 3689 1268 3761 regis.

742 3780 787 3850 †
827 3779 1081 3849 Hugonis
1105 3779 1272 3850 regis·

743 3868 798 3923 S.
833 3866 1082 3923 Odolrici
1118 3868 1390 3941 episcopi.
1857 3867 1915 3922 S.
1950 3864 2169 3921 Beraldi
2199 3864 2463 3936 episcopi.

746 3954 802 4011 S.
840 3958 1095 4024 Gauslini
1125 3958 1390 4030 episcopi.
1857 3951 1914 4008 S.
1946 3950 2150 4005 Amelii
2180 3949 2442 4021 episcopi.

743 4047 802 4102 S.
832 4048 1082 4103 Fulberti
1108 4047 1373 4120 episcopi.
1857 4040 2095 4111 Signum
2124 4040 2383 4096 Widonis
2412 4038 2673 4111 episcopi.

1852 4131 2088 4200 Signum
2136 4130 2400 4199 Azinerii,
2452 4130 2612 4199 cujus
2665 4127 2928 4199 praedicta

1926 4219 2160 4275 ecclesia
2202 4219 2379 4274 extitit
2404 4219 2521 4274 viee
2563 4217 2781 4274 vicaria.
2821 4239 2847 4269 ι

745 4317 763 4350 ¹
803 4317 865 4372 L.
895 4315 964 4371 de
991 4316 1305 4371 Vauzelles.
1329 4315 1585 4372 Histoire
1603 4315 1680 4371 du
1709 4316 1948 4389 prieur&
1977 4317 2045 4371 de
2073 4319 2132 4371 la
2158 4316 2519 4388 Maqdezeine
2551 4317 2631 4371 lez
2664 4313 2924 4382 Ονίὲαηε,

670 4422 728 4477 p.
758 4405 819 4461 11
849 4412 903 4461 et
932 4423 988 4461 n.
1024 4406 1076 4460 1.
1113 4408 1185 4462 M.
1224 4407 1292 4460 de
1325 4406 1615 4462 Vauzelles
1643 4409 1732 4461 n’a
1764 4423 1862 4477 pas
1903 4422 2091 4463 connu
2134 4410 2189 4461 la
2218 4408 2408 4463 charte
2441 4406 2739 4461 d’Odolric.
2771 4405 2927 4460 Nous

668 4512 841 4551 avons
872 4497 1229 4551 nous—meme
1256 4495 1507 4552 identifie
1534 4498 1650 4551 tres
1679 4495 2030 4551 faussement
2062 4496 2387 4566 Hospitium
2417 4495 2760 4551 monialium
2788 4509 2929 4549 avec

672 4585 1355 4642 Saint-Denis-de·1’Hotel
1410 4587 1491 4657 (p.
1532 4585 1660 4651 377,
1713 4598 1781 4641 n0
1819 4586 1912 4657 1);
1946 4588 2085 4643 c'est.
2131 4588 2207 4641 La
2245 4582 2929 4641 Madeleine·les-Orleans

671 4677 810 4748 qu’il
835 4678 955 4733 saut
984 4677 1109 4732 lire.
