3485 5571
1780 641 2100 703 ...14-

818 768 1114 842 Debitum
1145 767 1483 840 Christiani
1525 769 1871 839 Guiuebert
1918 782 1982 839 et
2011 768 2175 840 Petri
2214 770 2624 861 Ese[or]nant
2661 780 2764 838 est
2802 768 2880 837 de
2918 768 3064 837 sub-

817 882 1054 975 scripta
1088 906 1363 954 summa.
1429 887 1504 953 Et
1558 897 1660 954 est
1696 887 1868 973 quod
1912 904 2163 954 summa
2203 881 2499 955 omnium
2540 880 2902 952 debitorum
2942 902 3063 969 que

816 1000 1054 1069 debent
1117 1019 1349 1068 omnes
1404 992 1713 1088 panetarii
1777 1020 1851 1067 ex
1925 1020 2054 1087 quo
2128 997 2430 1069 dominus
2500 999 2720 1069 Simon
2792 994 3064 1087 primum

815 1109 1036 1184 babuit
1069 1126 1299 1182 terram
1332 1125 1433 1182 est
1470 1115 1625 1181 XXV
1653 1110 1812 1182 libre
1833 1125 1897 1182 et
1929 1114 2085 1181 1111‘’r
2102 1111 2315 1182 solidi.
2360 1116 2520 1182 Item
2569 1131 2820 1185 summa
2871 1107 3064 1180 debiti

814 1225 1084 1297 Roberti
1146 1228 1228 1295 de
1285 1231 1523 1315 Avazay
1582 1239 1648 1296 et
1708 1223 1985 1296 Entelmi
2032 1228 2111 1296 de
2159 1224 2461 1316 Tesaugio
2500 1237 2600 1295 est
2631 1226 2841 1293 XXXII
2881 1221 3065 1295 solidi

814 1352 878 1411 et
912 1342 991 1409 III
1033 1338 1301 1411 denarii.
1347 1343 1607 1410 Summa
1652 1338 1851 1410 debiti
1893 1340 2140 1411 Odonis
2179 1341 2259 1411 de
2297 1337 2594 1410 Valnosia
2628 1353 2728 1408 est
2764 1340 2871 1409 v11
2913 1336 3068 1409 libre

814 1467 879 1523 et
906 1456 1012 1523 XII
1043 1452 1229 1524 solidi
1260 1468 1324 1524 et
1365 1450 1741 1545 dimid[ius].
1774 1455 2034 1524 Summa
2073 1456 2273 1525 debiti
2312 1451 2646 1543 Baginaldi
2687 1453 2929 1522 Afficbe
2966 1466 3065 1521 est

813 1571 907 1637 LX
947 1582 1012 1638 et
1047 1571 1203 1637 XVII
1244 1565 1430 1637 solidi
1471 1581 1537 1638 et
1574 1570 1653 1639 111
1693 1566 1962 1638 denarii.
1998 1572 2258 1638 Summa
2287 1565 2483 1638 debiti
2520 1564 2813 1637 Rainardi
2844 1586 3059 1636 came·

814 1678 961 1751 rarii
990 1684 1145 1750 XVII
1188 1679 1377 1752 solidi
1419 1694 1485 1751 et
1523 1679 1906 1774 dimid[ius].
1962 1686 2224 1751 Summa
2256 1680 2452 1751 debiti
2487 1679 2762 1753 Micaelis
2802 1680 3065 1751 buticu-

815 1796 951 1866 larii
979 1808 1079 1866 est
1105 1798 1183 1865 IX
1213 1792 1426 1867 solidi.

905 1912 1166 1985 Summa
1206 1910 1523 2000 generalis
1564 1908 1774 1981 tocius
1813 1909 2013 1981 debiti
2044 1932 2232 2002 quam
2274 1907 2575 1979 dominus
2603 1906 2823 1980 Simon
2868 1909 3059 1978 debe-

816 2026 927 2094 bat
964 2025 1101 2094 suis
1160 2022 1547 2115 pauperibus
1607 2023 1978 2095 hominibus
2044 2026 2125 2096 de
2167 2022 2466 2097 omnibus
2522 2021 2813 2096 serviciis
2842 2044 3059 2093 eornm

815 2150 917 2210 est
954 2151 1179 2227 quater
1216 2136 1434 2228 viginti
1475 2152 1538 2209 et
1577 2141 1682 2210 VII
1714 2137 1873 2209 libre
1904 2152 1968 2209 et
1997 2142 2046 2208 V
2085 2136 2277 2209 solidi
2314 2152 2380 2210 et
2412 2141 2487 2207 VI
2531 2137 2773 2209 denarii
2812 2151 2878 2207 et
2915 2139 3049 2207 VIII

816 2253 1016 2321 modii
1067 2253 1395 2323 trumenti.
1460 2254 1534 2322 Et
1589 2267 1687 2323 est
1733 2251 2070 2324 sciendum
2109 2255 2282 2342 quod
2322 2252 2625 2324 dominus
2664 2249 2883 2322 Simon
2923 2272 3056 2343 pre-

815 2367 987 2455 cepit
1028 2367 1326 2435 Hernull'o
1361 2369 1441 2437 de
1469 2372 1663 2436 Avaza
1693 2380 1759 2437 et
1800 2370 1985 2437 Petro
2026 2365 2353 2456 panetario
2382 2388 2576 2438 omne
2614 2369 2738 2437 boc
2778 2364 3080 2437 debitum·

815 2501 1165 2569 pauperum
1220 2481 1553 2549 hominum
1630 2479 1809 2571 prius
1869 2479 2047 2550 reddi
2117 2483 2195 2551 de
2236 2479 2487 2550 redditu
2545 2477 3057 2553 molendinorum

821 2592 1060 2683 Ligeris
1134 2607 1197 2662 et
1262 2592 1537 2664 Choselli
1609 2607 1673 2665 et
1748 2592 2009 2684 minagii
2049 2607 2113 2664 et
2166 2596 2245 2664 de
2297 2592 2641 2666 medietate
2699 2591 2947 2685 pedagii
2999 2606 3060 2662 et

816 2706 1053 2778 telonei
1115 2705 1513 2798 Balgenciaci
1560 2722 1625 2778 et
1674 2710 1754 2778 de
1794 2720 1971 2799 parte
2017 2704 2276 2778 domine
2315 2706 2584 2777 Matildis
2636 2706 2691 2776 si
2753 2729 2828 2778 63
2904 2709 3063 2779 lorte

817 2825 1340 2914 Balgenciaeensi
1400 2821 1660 2894 domino
1706 2822 2040 2905 acciderit,
2099 2837 2311 2914 preter
2372 2825 2496 2894 1106
2543 2824 2712 2913 quod
2770 2824 2847 2893 ad
2924 2824 3063 2912 ejus

814 2935 1198 3008 beneficium
1257 2939 1654 3027 persolvetur
1701 2949 1763 3010 et
1805 2951 1951 3028 post
1985 2939 2153 3008 113116
2183 2938 2569 3008 solutionem
2603 2934 2900 3027 'precepit
2932 2933 3059 3005 eis-

816 3052 962 3121 dem
1001 3052 1171 3140 quod
1219 3053 1297 3120 de
1337 3051 1583 3122 eisdem
1638 3049 1994 3121 redditibus
2045 3053 2392 3122 redderent
2445 3054 2683 3121 domno
2732 3053 2938 3121 Barbe
2983 3052 3063 3120 de

817 3168 1051 3234 Sancto
1093 3167 1337 3235 Cerano
1366 3167 1488 3234 1106
1545 3168 1715 3254 quod
1753 3166 1814 3235 ei
1866 3167 2167 3247 debebat,
2210 3179 2275 3236 et
2322 3167 2402 3235 de
2431 3186 2818 3254 unoquoque
2849 3161 3063 3236 mille-

816 3275 994 3348 nario
1047 3279 1398 3347 solidorum
1459 3279 1782 3350 traderent
1852 3276 1909 3349 ei
1969 3277 2032 3347 in
2093 3277 2281 3350 donis
2340 3302 2453 3370 per
2518 3278 2809 3368 singulos
2846 3299 3054 3348 annos

757 3463 761 3468 ,
816 3413 1003 3482 quam
1047 3391 1155 3462 diu
1218 3393 1502 3460 debitum
1556 3404 1732 3462 esset
1795 3393 2193 3463 reddendum
2248 3396 2298 3461 X
2333 3391 2610 3484 Iibr[as].
2656 3395 2812 3462 Item
2851 3403 3066 3481 preter

817 3508 938 3576 bec
976 3503 1338 3595 supradicta
1381 3506 1570 3575 debet
1602 3503 1902 3576 dominus
1942 3507 2163 3575 Simon
2217 3505 2494 3577 ecclesie
2525 3509 2714 3577 Beate
2749 3506 2938 3576 Marie
2985 3506 3064 3575 de

817 3615 1234 3706 Balgenciaco
1266 3630 1330 3687 et
1361 3615 1637 3689 ecclesie
1689 3616 1864 3689 Beati
1929 3616 2187 3687 Firmini
2216 3622 2320 3687 XX
2365 3640 2612 3689 mareas
2650 3615 2896 3706 argenti
2939 3638 3063 3707 que
3187 3695 3192 3702 ‚

818 3731 1167 3800 reddentur
1220 3733 1299 3801 de
1363 3733 1547 3800 furno
1611 3730 1890 3801 Cboselli
1941 3744 2005 3802 et
2043 3730 2235 3802 etiam
2275 3733 2468 3801 debet
2506 3734 2780 3803 Roberto
2810 3731 3064 3802 recluso

818 3847 914 3913 XL
951 3841 1192 3914 solidos
1240 3866 1355 3934 pro
1412 3842 1766 3914 elemosina
1803 3843 2136 3915 Teodorici
2207 3847 2526 3915 Orchenel
2566 3867 2728 3934 quos
2773 3840 3061 3934 precepit
3107 3887 3114 3896 ·

822 3955 998 4027 reddi
1049 3957 1129 4028 de
1173 3955 1533 4028 redditibus
1598 3980 1712 4028 sue
1768 3972 1957 4029 terre.
2001 3960 2205 4028 Debet
2243 3959 2434 4030 etiam
2480 3957 2617 4048 ipse
2658 3962 2865 4027 Domo
2903 3958 3060 4048 (sic)

813 4067 925 4139 Dei
962 4070 1041 4139 de
1081 4069 1501 4160 Balgeneiaco
1530 4074 1684 4140 XXX
1711 4071 1956 4140 solidos
1985 4085 2051 4140 et
2078 4069 2253 4160 ponti
2282 4069 2679 4160 Balgenciaci
2721 4073 2824 4139 VII
2870 4070 3061 4138 libras

813 4205 973 4273 quas
1012 4184 1190 4255 reddi
1237 4182 1547 4274 precepit.
1604 4185 1811 4255 Debet
1862 4182 2051 4254 etiam
2095 4186 2372 4256 Samueli
2399 4187 2597 4274 judeo
2624 4187 2728 4254 vll
2767 4183 2960 4254 libras
3000 4196 3062 4252 et

816 4300 865 4367 II
907 4296 1151 4368 solidos
1200 4300 1368 4368 unde
1424 4301 1581 4366 XXX
1633 4297 1821 4367 solidi
1887 4312 2042 4367 sunt
2109 4297 2543 4368 Proviniensis
2618 4312 2903 4369 monete.
2970 4300 3055 4367 Ad

816 4410 1105 4481 ultimum
1147 4409 1445 4480 dominus
1478 4410 1697 4480 Simon
1742 4426 1965 4482 notum
2004 4412 2306 4483 omnibus
2339 4413 2473 4482 fieri
2518 4411 2718 4482 voluit
2756 4411 3056 4503 quoniam

815 4524 988 4596 dedit
1020 4528 1083 4594 in
1114 4540 1489 4615 perpetuum
1530 4524 1860 4595 annuatim
1894 4528 2225 4616 capellano
2267 4550 2381 4597 sue
2442 4528 2633 4596 turris
2666 4531 2767 4597 11⁰⁹
2807 4526 3056 4597 modios
3151 4510 3157 4517 ⁶

815 4642 1113 4709 lrumentt
1154 4640 1234 4709 de
1265 4636 1511 4708 decima
1540 4637 1815 4728 granerii
1843 4643 1943 4709 sui
1988 4654 2051 4710 et
2075 4642 2237 4710 duos
2263 4639 2516 4711 modios
2544 4638 2671 4709 viui
2704 4641 2784 4710 de
2810 4640 3055 4711 decima
