3485 5571
1795 641 2154 701 —176—

844 776 911 832 et
951 776 1196 844 nostra,
1239 763 1554 835 ordinatis
1594 763 1657 834 in
1693 766 1969 836 ecclesia
2011 771 2077 836 S.
2123 767 2345 838 Crucis
2412 766 2762 859 maioribus
2803 768 3104 859 personis

847 879 1111 966 lingone
1140 879 1409 963 decano,
1466 880 1712 949 Andrea
1752 894 2040 964 cantore,
2064 882 2326 951 Letoldo
2357 884 2755 965 subdecano,
2817 886 3106 953 Manasse

845 987 1191 1080 capicerio.
1239 991 1631 1063 Cancellario
1667 995 1869 1064 nullo.

1881 1336 2066 1397 XClll

1552 1591 1773 1662 Vesta,
1809 1588 1889 1650 24
1919 1588 2157 1651 fevrier
2188 1589 2390 1668 [1177]

849 1792 1252 1848 Confirmation
1299 1807 1401 1863 par
1444 1791 1758 1847 Alexandre
1815 1792 1893 1847 III
1942 1792 2018 1847 du
2080 1792 2189 1847 don
2238 1792 2307 1847 de
2356 1792 2566 1862 l'eglise
2609 1793 2677 1848 de
2727 1794 3013 1849 Cbilleurs
3073 1796 3104 1847 a

1776 1888 2184 1944 Sainte-Croix.

1322 2033 1496 2103 (Orig.
1529 2050 1575 2089 s.
1609 2035 1801 2105 parch.
1835 2036 2000 2089 Arch.
2034 2035 2107 2089 du
2138 2033 2345 2100 Loiret,
2375 2035 2441 2090 G.
2474 2033 2626 2103 321).

939 2260 1287 2328 Alexander
1325 2255 1670 2347 episcopus
1719 2279 1944 2327 servus
2000 2280 2332 2327 servorum
2371 2257 2571 2328 Dei...
2617 2260 2791 2350 (ela,
2851 2279 3103 2329 comme

844 2395 924 2442 en
962 2374 1029 2442 la
1058 2373 1273 2443 charte
1319 2373 1719 2462 LXXXIX).
1771 2375 1854 2441 Ea
1923 2385 2202 2463 propter,
2266 2371 2480 2443 dilecti
2535 2373 2598 2441 in
2638 2371 2912 2443 Domino
2959 2371 3107 2453 filii,

849 2484 1077 2557 vestris
1146 2487 1343 2577 justis
1418 2485 1957 2577 postulationibus
2033 2500 2213 2577 grato
2273 2501 2729 2558 concurrentes
2791 2510 3102 2565 assensu,

846 2599 1186 2673 ecclesiam
1214 2604 1293 2671 de
1316 2599 1607 2670 Cbilleris
1632 2623 1825 2692 quam
1855 2599 2243 2671 venerabilis
2265 2604 2454 2670 frater
2479 2618 2699 2671 noster
2720 2601 3100 2694 Manas[ses]

846 2718 1192 2809 episcopus
1242 2727 1452 2788 vestet·
1498 2720 1578 2788 de
1623 2739 1814 2787 manu
1874 2715 2030 2787 laica
2087 2717 2383 2798 extraxit,
2440 2729 2505 2785 et
2545 2715 2725 2788 vobis
2778 2740 2900 2785 una
2951 2738 3100 2787 cum

849 2836 1153 2903 Hei-berto
1202 2830 1653 2903 archidiacono
1716 2832 1993 2902 ecclesie
2057 2846 2265 2903 vestre
2320 2831 2666 2910 concessit,
2734 2834 2902 2902 sicut
2959 2855 3099 2903 eam

845 2945 1304 3016 rationabiliter
1336 2943 1685 3037 possidetis
1725 2959 1788 3015 et
1814 2944 2178 3016 auctentico
2211 2947 2453 3036 scripto
2485 2948 2773 3036 ejusdem
2805 2944 3097 3036 episcopi

847 3057 1073 3131 exinde
1123 3063 1289 3130 lacto
1340 3058 1734 3143 continetur,
1789 3058 1971 3130 vobis
2007 3073 2070 3130 et
2121 3063 2403 3132 ecclesie
2472 3074 2677 3132 vestre
2714 3060 3095 3131 autorictate

844 3173 1196 3263 apostolica
1220 3178 1699 3255 confirmamus,
1740 3185 1913 3245 etc...
1945 3178 2176 3245 Datum
2206 3179 2419 3257 Veste,
2441 3176 2829 3246 Vlkalendas
2860 3175 3096 3245 martii.

1881 3524 2064 3585 xciv

1900 3751 2058 3814 1179

844 3962 1245 4020 Confirmation
1268 3979 1371 4034 par
1400 3963 1785 4018 Sainte-Croix
1827 3960 1897 4016 de
1935 3962 1988 4015 la
2020 3960 2285 4015 donation
2326 3960 2457 4015 saite
2486 3962 2518 4015 a
2547 3960 2968 4016 Saint·Euverte
2997 3976 3094 4033 par

1346 4058 1514 4114 Louis
1543 4059 1642 4113 VII
1675 4058 1744 4112 de
1776 4057 1986 4126 l’eglise
2019 4056 2087 4111 de
2128 4055 2606 4111 Saint·Donatien.

1074 4205 1251 4275 (Orig.
1284 4222 1330 4260 s,
1362 4205 1556 4276 parcb.
1590 4205 1991 4273 endommayd.
2034 4203 2204 4259 Arch.
2238 4202 2315 4259 dn
2347 4204 2534 4259 Loiret
2565 4204 2632 4259 G.
2664 4202 2817 4272 376.)

930 4421 1103 4494 Licet
1143 4422 1589 4494 universorum
1632 4420 1884 4493 devotio
1927 4420 2206 4491 fidelium
2256 4420 2673 4492 ecclesiarum
2705 4421 3087 4494 utilitatibus

841 4540 1071 4608 debeat
1139 4535 1496 4621 intendere,
1556 4560 1670 4609 eos
1722 4539 1789 4606 in
1830 4560 2082 4626 q.....
2145 4532 2512 4628 .‘..cipiunt
2569 4535 2884 4627 stipendia
2948 4559 3094 4628 pro-

844 4653 1122 4743 pensiori
1187 4652 1619 4726 sollicitudine
1693 4655 1907 4724 adhuc
1969 4655 2284 4725 condecet
2349 4657 2696 4737 anhelare;
2760 4667 3096 4744 eapropter
