3485 5571
1400 733 1761 799 —355-

1465 1235 1681 1298 CCLXl

1391 1560 1561 1621 Mars
1596 1557 1754 1620 1242

444 1829 617 1885 Louis
678 1830 1070 1901 d'Augerville,
1133 1830 1429 1897 chevalier,
1498 1829 1687 1886 donne
1753 1847 1825 1886 en
1890 1831 2223 1887 mainmorte
2310 1848 2384 1887 au
2448 1832 2697 1904 chapitre

511 1926 548 1981 9
571 1931 799 1998 arpents
823 1925 893 1982 de
921 1932 1070 1982 terre
1109 1932 1168 1983 et
1205 1926 1350 1982 deux
1379 1928 1558 1993 botes,
1592 1943 1664 1983 en
1688 1927 1742 1981 la
1772 1926 2019 1998 paroisse
2047 1927 2346 2000 d’AnImy,
2379 1930 2477 2000 qui
2506 1929 2695 1984 {urent

515 2023 764 2092 naguere
788 2038 861 2077 au
891 2022 1236 2093 sous-doyen
1262 2022 1471 2093 Payen.

1002 2167 1178 2239 (orig.
1210 2184 1255 2223 s.
1283 2168 1476 2240 perch.
1509 2168 1678 2224 Arch.
1708 2167 1786 2224 du
1814 2168 2018 2238 Loiret,
2052 2169 2142 2242 G.)

526 2402 859 2480 Universis
905 2407 1252 2499 'presentes
1336 2404 1579 2478 litteras
1652 2406 2070 2497 inspecturis,
2160 2406 2523 2478 Ludovicus
2611 2411 2690 2479 de

434 2519 849 2613 Augierville‚
909 2520 1119 2605 miles,
1163 2518 1227 2591 in
1266 2522 1546 2592 Domino
1587 2522 1886 2592 salutem.
1936 2524 2170 2592 Notum
2234 2518 2505 2593 iacimus
2565 2534 2691 2593 tam

435 2635 851 2728 presentibus
890 2657 1081 2725 quam
1119 2633 1350 2705 suturis
1395 2636 1566 2726 quod
1626 2657 1773 2719 nos,
1832 2637 1911 2707 de
1963 2657 2237 2706 assensu
2265 2648 2331 2706 et
2370 2637 2694 2708 voluntate

433 2749 655 2824 uxoris
695 2762 912 2823 nostre
947 2748 1163 2836 Lucie,
1208 2771 1438 2821 novem
1477 2763 1738 2842 arpenta
1762 2762 1928 2822 terre
1952 2748 2208 2821 arabilis
2239 2773 2388 2822 cum
2425 2753 2681 2822 duobus

431 2865 828 2960 hospitibus,
892 2865 1014 2937 sita
1069 2865 1132 2935 in
1192 2863 1522 2957 parrochia
1595 2867 1676 2936 de
1749 2867 1999 2948 Alneto,
2067 2868 2146 2936 de
2210 2867 2395 2937 feodo
2463 2879 2687 2937 nostro

430 2980 796 3068 movent-ia,
875 3003 1000 3072 que
1042 2979 1246 3052 tenuit
1285 2983 1574 3071 Paganus
1614 2982 1889 3050 condam
1930 2978 2408 3051 Aurelianensis
2448 2982 2693 3052 subde-

427 3120 664 3180 caum,
740 3109 804 3167 et
868 3117 995 3186 que
1061 3093 1408 3185 capitulum
1467 3091 1928 3165 Aurelianense
2004 3092 2398 3186 possidebat,
2479 3092 2691 3165 eidem

426 3210 715 3302 capitulo
779 3207 844 3280 in
898 3231 1090 3278 manu
1142 3221 1390 3279 mortua
1442 3204 1505 3276 in
1575 3220 1954 3299 perpetuum
1995 3206 2443 3278 concessimus
2484 3207 2692 3298 possi-

426 3327 671 3396 denda.
736 3324 921 3411 Quod
984 3336 1052 3393 ut
1107 3336 1313 3393 ratum
1362 3324 1472 3406 sit,
1533 3336 1870 3413 presentes
1928 3322 2176 3393 litteras
2239 3318 2428 3411 sigilli
2486 3321 2688 3392 nostri

424 3436 809 3510 testimonio
866 3434 1183 3508 roboravi.
1255 3442 1481 3508 Actum
1543 3459 1714 3508 anno
1771 3434 2030 3508 Domini
2117 3437 2374 3507 MCCXL
2452 3435 2687 3526 primo,

424 3574 660 3624 mense
698 3549 963 3623 marcio.
