3485 5571
1579 654 1943 716 —122—

635 783 896 854 visitare
944 798 1008 853 et
1039 786 1447 872 frequentare
1485 781 1680 852 certis
1712 777 2110 872 temporibus
2139 780 2420 861 studeat,
2449 790 2514 849 et
2550 781 2691 869 ejus
2722 778 2898 870 pasci

632 899 1030 968 allocutione
1071 910 1133 967 et
1170 894 1460 966 doctrina
1498 908 1562 967 et
1585 892 1912 978 crismate,
1937 891 2223 984 nihilque
2247 891 2320 976 ⁵ei
2362 895 2442 963 de
2467 906 2688 963 nostro
2714 895 2902 983 cujus

548 1019 551 1022 ’
627 1008 981 1101 indiguerit
1021 1006 1379 1079 ministerio
1404 1010 1786 1099 denegetur.
1827 1010 1903 1078 Ut
1929 1029 2082 1098 ergo
2123 1005 2418 1078 canonici
2460 1009 2711 1077 Sanctae
2747 1008 2899 1076 Cru-

626 1125 995 1215 -cis‘perpes
1033 1120 1314 1193 sentiant
1353 1121 1554 1193 nostri
1599 1119 1984 1193 beneficium
2023 1133 2087 1191 et
2127 1134 2367 1191 nostrae
2406 1121 2492 1190 sit
2544 1117 2899 1211 fragilitatis

637 1239 1074 1328 adjumentum
1130 1249 1194 1306 et
1232 1237 1486 1306 firmum
1538 1250 1752 1307 teneat
1796 1248 1987 1325 atque
2031 1232 2465 1304 inviolabilem
2504 1236 2643 1304 haec
2684 1232 2897 1305 cautio

631 1363 954 1429 tenorem,
1014 1371 1205 1418 manu
1265 1350 1518 1441 propria
1581 1349 2013 1419 roborandum
2071 1345 2447 1418 censuimus
2502 1345 2567 1416 in
2608 1344 2902 1437 presenti

571 1527 575 1531 ,
633 1463 868 1534 sinodo
905 1477 970 1533 et
1009 1460 1540 1552 coepiscoporum
1584 1459 1873 1532 autentui
1914 1474 1979 1532 et
2028 1463 2490 1532 canonicorum
2530 1474 2900 1531 nostrorum

631 1574 979 1647 assertioni
1006 1578 1448 1667 stipulandum
1478 1576 1880 1658 obtulimus¹,
1915 1596 1987 1645 ea
2016 1588 2227 1644 tamen
2255 1571 2500 1645 ratione
2526 1587 2595 1642 ut
2618 1575 2902 1663 quandiu

636 1689 909 1781 spiritus
962 1703 1219 1761 nostros
1282 1688 1512 1760 rexerit
1573 1704 1777 1771 artus,
1836 1690 2151 1779 psalmum
2207 1691 2467 1764 XXXVI.
2528 1687 2830 1760 videlicet
2881 1711 2899 1758 ε

636 1805 924 1874 Domine
959 1826 1039 1873 ne
1087 1791 1162 1872 in
1214 1807 1437 1893 surore
1472 1813 1606 1885 tuo,
1645 1826 1762 1893 pro
1802 1802 2150 1873 stabilitate
2201 1815 2393 1892 atque
2457 1800 2899 1874 incolomitate

639 1932 859 1989 nostra
892 1920 1238 1988 decantent
1259 1942 1279 2003 ;
1322 1931 1471 2008 post
1513 1920 1856 1988 decessum
1905 1939 2055 1987 vero
2096 1929 2384 1986 nostrum
2421 1918 2514 1986 De
2542 1918 2902 2007 profundis

640 2033 936 2102 volumus
987 2034 1067 2101 ab
1106 2029 1201 2102 eis
1268 2054 1382 2122 pro
1434 2045 1653 2102 nostra
1695 2029 1918 2120 requie
1951 2027 2305 2116 decantari,
2362 2043 2433 2099 ut
2487 2052 2523 2100 a
2586 2033 2902 2120 profundo

639 2143 867 2215 mortis
909 2144 1194 2236 periculo
1232 2166 1619 2227 mereamur,
1663 2142 1919 2214 Christo
1975 2143 2359 2234 opitulante,
2401 2164 2627 2214 eorum
2665 2144 2905 2215 oratio-

640 2258 834 2328 nibus
868 2256 1444 2328 intervenientibus
1473 2256 1658 2348 eripi.

732 2376 799 2442 S.
843 2373 1132 2442 Aimonis
1162 2371 1630 2464 archiepiscopi
1672 2369 2116 2454 Bituricensis‚
2147 2371 2567 2462 (Chrismon)
2604 2370 2903 2443 Richardi

643 2482 1069 2556 Bituricensis
1102 2482 1618 2576 archyepiscopi.

736 2600 1141 2690 (Chris-mon)
1190 2601 1375 2688 Hugo
1429 2597 1931 2690 Biturigensium
1967 2596 2516 2691 archiepiscopus.
2551 2609 2600 2687 -ξ-
2638 2598 2903 2690 Signum

649 2711 1001 2782 Adelberti.
1063 2719 1109 2798 ἢ·
1161 2717 1227 2782 S.
1287 2711 1563 2783 Riciardi
1614 2711 2045 2804 archyclauvi.
2109 2719 2158 2800 †
2194 2715 2475 2791 Erardus
2512 2712 2910 2783 archidiaco-

646 2848 795 2896 nus.
831 2829 1225 2896 Gauzbertus
1254 2825 1756 2916 archipresbiter
1795 2827 1922 2897 ss.²
1950 2829 2260 2897 Rodulsus
2285 2825 2785 2916 archipresbiter
2810 2849 2904 2897 ss.

649 2941 1016 3010 Euvrardus
1052 2940 1554 3030 archipresbiter
1593 2963 1685 3009 ss.
1721 2943 2092 3010 Costantius
2121 2939 2617 3031 archipresbiter
2655 2964 2748 3012 ss.
2792 2944 2910 3013 Ra-

644 3052 1019 3142 gamtinnus
1069 3053 1565 3143 archipresbiter
1633 3077 1723 3123 ss.
1794 3055 2195 3143 lngelbertus
2253 3054 2752 3144 archipresbiter
2809 3078 2904 3126 ss.

650 3169 1015 3236 Bernardus
1068 3166 1569 3258 archipresbiter
1630 3190 1722 3237 ss.
1769 3172 2058 3256 Agarnus
2096 3166 2594 3258 archipresbiter
2630 3190 2721 3238 ss.
2768 3168 2910 3238 Gir-

647 3282 870 3350 bertus
945 3279 1443 3371 archipresbiter
1517 3303 1609 3351 ss.
1687 3284 1729 3365 -1-
1800 3283 2144 3351 Gerbertus
2216 3279 2402 3352 levita
2462 3294 2526 3352 et
2598 3283 2905 3353 decanus.

647 3398 699 3479 -1·
726 3396 1104 3463 Gerbauhus
1145 3392 1226 3483 (⁴3)
1260 3394 1714 3485 (Chrismon).
1755 3400 1804 3480 †
1831 3394 2145 3465 Ardincus
2176 3397 2363 3466 levita
2403 3416 2496 3465 ss.
2542 3398 2911 3466 Hunbaldus

648 3508 836 3576 levita
904 3529 995 3577 ss.
1060 3510 1427 3577 Hunbertus
1498 3506 1685 3577 levita
1744 3531 1836 3577 ss.
1896 3500 2333 3579 Ernimmarus
2391 3507 2907 3580 archidiaconus.

651 3619 994 3711 Rotgarius
1024 3620 1546 3691 archidiaconus.
1598 3620 2006 3693 Vunnenolio
2057 3621 2576 3693 archidiaconus.
2623 3622 2910 3693 Giraldus

647 3733 1173 3805 archidiaconus.
1228 3738 1406 3805 Dado
1457 3734 1975 3807 archidiaconus.
2034 3737 2409 3806 Hunbaldus
2447 3736 2906 3808 subdiaconus.

651 3849 894 3917 Franco
957 3846 1421 3917 subdiaconus
1479 3847 1901 3919 Archinaldus
1968 3847 2247 3919 clericus
2311 3872 2403 3919 ss.
2474 3864 2908 3919 raozopthC.

652 3963 823 4031 Odo.
859 3964 1213 4032 Dacbertus
1252 3960 1768 4033 archidiaconus.
1816 3965 2179 4053 Stephanus
2218 3961 2731 4036 archidiaconus.
2779 3962 2913 4034 Gir-

656 4076 880 4143 bertus
919 4074 1437 4144 archidiaconus.

746 4192 977 4259 Datum
1016 4210 1238 4259 mense
1289 4188 1485 4270 maio,
1534 4188 1887 4260 indictione
1930 4193 2115 4273 xlm,
2149 4213 2319 4261 anno
2364 4195 2548 4262 XXlll
2600 4205 2908 4283 regnante

653 4304 898 4373 domno
938 4300 1234 4371 Lothario
1256 4324 1429 4393 rege.
1476 4306 1643 4374 Boso
1675 4326 1766 4374 ss.
1806 4305 1883 4374 ad
1939 4302 2143 4373 vicem
2184 4308 2474 4375 Rannulfi
2515 4306 2911 4378 cancellarii.

737 4582 753 4615 ¹
794 4579 995 4649 Ajoute
1026 4578 1194 4633 d'une
1223 4595 1390 4634 encre
1419 4580 1547 4651 plus
1578 4581 1752 4637 claire
1775 4580 2011 4652 jusqu’a
2036 4581 2205 4653 eripi.

738 4667 761 4700 ²
800 4667 1159 4738 Subscripsit.
