3485 5571
1737 660 2095 725 —340—

790 788 977 862 nensi
1011 788 1426 881 quadraginta
1467 802 1530 860 et
1584 801 1732 860 octo
1764 802 2027 881 arpenta
2057 800 2252 871 terre,
2297 812 2426 859 uno
2464 791 2757 880 quaterio
2792 792 3034 872 mium,

788 900 911 972 sita
937 902 1104 991 apud
1134 898 1417 982 LuiereS,
1453 898 1620 970 inter
1659 904 1966 970 Sanctum
2007 901 2391 968 Germanum
2433 910 2495 969 et
2534 899 2918 969 fortericiam
2949 900 3027 968 de

786 1013 1071 1098 LuiereS‚
1099 1016 1275 1104 juxta
1309 1011 1492 1083 Haias
1521 1038 1538 1098 ;
1570 1036 1713 1103 ego,
1752 1012 1814 1081 in
1854 1034 1991 1081 mea
2036 1011 2228 1082 libera
2276 1026 2589 1103 potestate
2605 1012 3027 1097 constitutus,

785 1142 918 1199 tam
954 1126 1422 1200 ordinationem
1474 1130 1553 1197 ab
1613 1127 1757 1218 ipso
1798 1125 2060 1197 domino
2115 1149 2267 1216 rege
2306 1130 2570 1209 factam,
2616 1149 2807 1217 quam
2847 1127 3039 1198 etiam

782 1240 1291 1333 assignationem
1326 1256 1390 1312 et
1429 1239 1839 1312 traditionem
1879 1264 1915 1311 a
1942 1236 2417 1332 prenominatis
2449 1245 2505 1311 J.
2567 1253 2633 1311 et
2689 1245 2760 1310 Α.
2806 1243 3038 1312 factam

782 1355 1064 1448 capitulo
1100 1369 1453 1428 memorato
1481 1369 1683 1426 ratam
1732 1358 1939 1426 babeo
1967 1354 2202 1447 pariter
2246 1370 2311 1426 et
2358 1367 2731 1446 acceptam;
2778 1353 3043 1446 promit—

781 1482 927 1540 tens
981 1482 1046 1539 et
1110 1471 1301 1540 fidem
1363 1471 1758 1560 corporalem
1817 1480 2109 1559 prestans
2168 1470 2338 1558 quod
2403 1469 2469 1538 in
2527 1466 2718 1539 dictis
2767 1469 3041 1558 quadra-

780 1584 954 1673 ginta
985 1597 1051 1652 et
1088 1595 1238 1654 octo
1276 1583 1562 1674 arpentis
1596 1597 1788 1670 terre,
1856 1606 1984 1655 uuo
2024 1581 2346 1672 quarterio
2383 1579 2622 1663 minuS,
2675 1580 2871 1653 nichil
2933 1603 3044 1672 per

783 1720 886 1768 me
952 1700 1046 1769 vel
1145 1719 1258 1788 per
1339 1695 1532 1767 alium
1611 1680 1939 1768 decetero¹
1983 1699 2369 1767 reclamabo.
2425 1694 2763 1766 Eustachia
2817 1693 3038 1777 etiam,

781 1835 936 1883 uxor
1007 1834 1172 1898 mea,
1236 1814 1316 1882 ad
1378 1833 1603 1902 preces
1659 1833 1863 1894 meaa,
1925 1824 2053 1881 tam
2121 1807 2594 1881 ordinationem
2658 1807 3041 1900 premissam

780 1949 972 2017 quam
1016 1926 1207 1998 etiam
1253 1925 1762 2016 assignationem
1805 1938 1869 1996 et
1907 1923 2314 1996 traditionem
2368 1923 2801 2015 supradictam
2843 1946 3044 2014 spon-

779 2053 967 2111 tanea
1003 2041 1200 2111 voluit
1226 2052 1289 2110 et
1316 2037 1668 2122 concessit,
1705 2038 2087 2130 promittens
2104 2053 2169 2109 et
2195 2040 2385 2109 fldem
2417 2040 2822 2128 corporalem
2868 2059 3046 2129 pres-

779 2166 927 2224 tans
958 2156 1126 2244 quod
1161 2154 1225 2222 in
1269 2154 1440 2223 dicta
1467 2168 1656 2239 terra,
1700 2154 1871 2222 sicut
1899 2150 2139 2222 dictum
2189 2166 2289 2224 est
2317 2151 2643 2243 assignata
2684 2169 2748 2222 et
2781 2153 3039 2234 tradita,

779 2270 1027 2339 ratione
1067 2266 1354 2339 dotalicii
1393 2271 1490 2338 vel
1528 2266 1648 2337 alia
1705 2289 2109 2357 quacumque
2167 2267 2415 2338 ratione
2475 2289 2590 2358 per
2646 2289 2718 2338 se
2778 2269 2876 2338 vel
2932 2288 3045 2355 per

777 2382 973 2452 alium
1014 2382 1209 2452 nichil
1264 2385 1564 2453 decetero
1617 2380 2010 2452 reclamabit.
2074 2385 2140 2450 ln
2202 2385 2390 2473 cujus
2453 2380 2542 2452 rei
2587 2379 3041 2452 testimonium

784 2509 1119 2589 presentes
1155 2500 1404 2567 litteras
1447 2495 1636 2588 sigilli
1669 2494 1793 2568 mei
1824 2495 2183 2567 munimine
2227 2500 2546 2568 roboravi.
2592 2502 2821 2568 Actum
2872 2517 3044 2567 anno

787 2609 1045 2683 Domini
1095 2614 1248 2682 MCC
1278 2610 1609 2682 tricesimo
1637 2626 1839 2696 sexto,
1880 2633 2102 2682 mense
2143 2609 2498 2682 decembri.

1767 2977 2041 3040 CCXLV!
2055 2978 2071 3038 Ι

1293 3271 1310 3326 ἰ
1355 3282 1439 3341 La
1481 3279 1880 3355 Cour-Dieu‚
1916 3274 2268 3341 decembre
2298 3276 2478 3339 1236.

799 3526 1149 3584 Ratification
1183 3543 1284 3597 par
1311 3526 1365 3581 la
1394 3526 1549 3582 reine
1589 3525 1903 3597 Ingeburge
1948 3527 2017 3582 de
2060 3526 2441 3598 l’assignation
2469 3525 2600 3582 faite
2628 3542 2729 3581 sur
2757 3526 2842 3580 les
2870 3530 3047 3581 terres

1241 3627 1311 3677 de
1337 3623 1601 3695 LuyereS,
1635 3623 1732 3694 qui
1764 3624 1883 3678 font
1910 3623 2086 3694 partie
2114 3624 2184 3679 de
2209 3640 2311 3679 son
2337 3624 2588 3679 douaire.

800 3768 975 3838 (Orig.
1023 3785 1068 3822 s,
1113 3769 1304 3839 parcb.
1338 3769 1508 3823 Arch.
1544 3768 1619 3824 du
1647 3768 1855 3838 Loiret,
1885 3769 1955 3824 G.
1986 3770 2111 3825 492.
2161 3798 2223 3810 —-
2268 3769 2456 3841 Copie.
2506 3767 2625 3824 Bib.
2658 3769 2783 3825 Nat.
2817 3768 3046 3824 Mor-ean

1295 3865 1404 3919 152
1431 3884 1443 3918 ε
1476 3864 1568 3933 40,
1601 3866 1820 3938 d’apres
1849 3865 1901 3922 le
1931 3866 2251 3934 cartulaire,
2285 3865 2331 3919 Ρ)
2357 3867 2430 3921 50
2458 3870 2562 3934 vo.)

797 4001 804 4006 ·
853 3986 1020 4058 (Pub.
1055 3987 1350 4042 Bulletina
1380 3988 1448 4042 de
1477 3989 1532 4043 la
1563 3987 1692 4045 Soc.
1716 3986 1981 4044 Archeol.
2011 3988 2082 4042 de
2109 3986 2481 4054 l’Orldcmais,
2508 3994 2549 4044 t.
2573 3986 2720 4053 v111,
2751 4003 2809 4059 p.
2839 3985 2993 4058 512.)

886 4208 933 4274 1.
977 4203 1093 4276 Dei
1133 4203 1331 4295 gratia
1372 4207 1758 4275 Francorum
1815 4203 2061 4296 regina,
2121 4203 2436 4278 universis
2484 4208 2562 4276 ad
2611 4228 2778 4296 quos
2833 4204 3042 4278 littere

791 4332 1129 4409 presentes
1188 4318 1593 4411 pervenerint
1659 4321 1931 4391 salutem
1994 4318 2056 4390 in
2120 4323 2420 4393 Domino.
2477 4323 2707 4392 Notum
2770 4319 3040 4392 facimus

790 4434 961 4522 quod
1027 4455 1174 4502 cum
1244 4433 1623 4504 karissimus
1692 4448 1914 4504 noster
1980 4436 2367 4517 Ludovicus‚
2451 4457 2558 4505 rex
2639 4435 3036 4506 Francorum

786 4546 1078 4630 illustris,
1121 4550 1468 4620 occasione
1505 4546 1792 4619 enormis
1830 4547 1979 4619 sacti
2017 4551 2212 4639 quod,
2249 4572 2363 4640 pro
2398 4548 2730 4620 occisione
2771 4548 3038 4621 clerico·

782 4683 927 4733 rum
968 4661 1321 4733 Aurelianis
1363 4665 1549 4765 sacta,
1581 4661 1819 4735 dilecto
1844 4677 2068 4734 nostro
2103 4665 2349 4754 Hugoni
2377 4661 2794 4747 Buticulario,
2827 4661 3036 4752 militi,
