3485 5571
1641 566 1998 636 -110-

1749 920 1904 981 LVII

890 1214 1633 1295 chatinon-sur-Loing,
1661 1213 1770 1297 [l‘r
1795 1213 2139 1278 aout1143
2169 1213 2210 1277 a
2234 1212 2315 1279 25
2343 1205 2523 1278 mars
2552 1211 2738 1297 1144]

689 1495 862 1554 Louis
888 1495 991 1553 vn
1038 1495 1308 1552 confirmo
1348 1493 1403 1551 la
1448 1491 1712 1552 donation
1760 1492 1893 1550 faite
1943 1493 1976 1549 a
2022 1492 2402 1551 sainte-croix
2447 1509 2551 1566 par
2589 1493 2823 1566 'thierry
2868 1491 2939 1549 de

1116 1593 1313 1664 Boissy
1341 1591 1411 1648 de
1439 1592 1494 1649 la
1525 1593 1675 1649 terro
1703 1591 1776 1647 de
1805 1591 1993 1647 Sainte
2019 1589 2179 1647 Croix
2202 1591 2272 1647 de
2301 1591 2510 1663 Boissy.

1431 1737 1623 1808 (Copie
1647 1735 1718 1796 de
1747 1737 1973 1807 Baluze,
2004 1754 2058 1812 p.
2086 1737 2200 1805 69).

922 1883 1092 1956 (Pub.
1124 1883 1414 1940 Luchaire.
1445 1883 1543 1940 Et.
1572 1899 1678 1940 aur
1706 1884 1787 1942 les
1813 1891 1968 1941 actes
1995 1884 2067 1940 de
2095 1884 2267 1971 louis
2305 1883 2432 1953 VII,
2463 1903 2519 1957 p.
2551 1883 2703 1957 370).

778 2126 848 2194 In
903 2123 1165 2196 nomine
1213 2136 1436 2197 sancte
1473 2146 1550 2196 ac
1593 2121 1919 2195 individue
1964 2123 2312 2195 Trinitatis.
2369 2127 2499 2215 Ego
2547 2122 2933 2209 Ludovicus,

690 2238 807 2309 Dei
834 2236 1032 2330 gratia
1063 2261 1169 2310 rex
1199 2242 1584 2310 Francorum
1615 2252 1681 2311 et
1709 2241 1834 2309 dux
1872 2237 2354 2329 Aquitanorum.
2397 2242 2626 2310 Notum
2665 2237 2934 2310 tacimus

689 2350 1031 2437 universis,
1090 2377 1283 2447 quam
1345 2351 1755 2445 presentibus
1816 2367 1946 2425 tam
2009 2349 2264 2439 suturis,
2318 2351 2784 2424 Theodericum
2853 2355 2934 2425 de

690 2465 926 2538 Buxeio
979 2470 1261 2540 ecclesie
1317 2472 1550 2540 Sancte
1608 2466 1831 2540 Crucis
1869 2467 2348 2539 Aurelianensis
2404 2480 2637 2539 terram
2699 2472 2934 2540 Sancte

690 2582 913 2653 Crucis
951 2584 1033 2654 de
1072 2580 1306 2654 Buxeio
1363 2582 1428 2654 in
1486 2582 1952 2655 helemosinam
1999 2583 2379 2654 contulisse.
2426 2580 2582 2653 Huic
2636 2605 2784 2654 vero
2824 2584 2935 2653 do-

685 2694 928 2768 nationi
1008 2698 1276 2789 prefate,
1340 2695 1639 2792 precibus
1698 2695 2157 2769 canonicorum
2224 2695 2526 2781 ecclesie,
2602 2719 2794 2789 quam
2851 2698 2933 2769 de

687 2811 1006 2883 beneficio
1082 2811 1317 2904 regalis
1380 2810 1819 2885 munificentie
1885 2815 2210 2884 fundatam
2290 2833 2366 2884 ac
2433 2814 2712 2884 dotatam
2785 2834 2932 2884 esse

685 2924 1174 3017 cognoscimus,
1249 2940 1541 2999 nostrum
1615 2925 1897 3019 benigue
1978 2925 2350 3019 prebuimus
2431 2949 2798 3012 assensum,
2869 2942 2931 2998 et

684 3054 910 3112 nostre
945 3039 1389 3113 concessionis
1426 3040 1808 3114 auctoritate
1855 3044 2210 3127 firmantes,
2246 3055 2469 3113 contra
2519 3064 2749 3113 omnes
2811 3065 2930 3115 nos

685 3151 1026 3225 statuimus
1065 3157 1499 3226 defensorem.
1543 3158 1728 3241 Quod
1770 3167 1841 3225 ut
1886 3167 2193 3247 perpetue
2240 3152 2608 3227 stabilitatis
2646 3154 2932 3227 obtineat

685 3269 1109 3354 munimenta,
1140 3268 1381 3361 scripto
1422 3267 1890 3354 commendari,
1920 3266 2110 3361 sigilli
2142 3268 2343 3341 nostri
2377 3269 2757 3343 auctoritate
2797 3295 2934 3342 mu·

682 3382 831 3470 uiri,
877 3382 1206 3475 nostrique
1258 3384 1541 3456 nominis
1579 3383 2117 3476 subterinscripto
2154 3387 2482 3457 karactere
2532 3386 2930 3458 corroborari

685 3498 1118 3591 precepimus.

773 3618 998 3685 Actum
1054 3611 1309 3706 publice
1370 3616 1537 3707 apud
1593 3612 2076 3699 Castellionem,
2139 3637 2309 3686 anno
2362 3618 2441 3686 ab
2496 3614 2933 3690 incarnatione

684 3726 932 3799 Domini
976 3731 1289 3815 MCXLlH,
1329 3729 1509 3821 regni
1552 3752 1700 3802 vero
1742 3728 1945 3801 nostri
1990 3732 2117 3812 Vll,
2171 3727 2531 3801 astantibus
2595 3730 2657 3801 in
2700 3731 2932 3823 palatio

685 3857 908 3914 nostro
947 3867 1219 3934 quorum
1262 3844 1522 3916 nomina
1581 3841 1951 3915 subtitulata
1992 3862 2143 3913 sunt
2181 3857 2246 3914 et
2294 3842 2499 3935 signa.
2546 3849 2614 3917 S.
2657 3848 2928 3930 Radulti,
3003 3873 3014 3883 ·

680 3957 1212 4030 viromandorum
1249 3959 1532 4044 comitis,
1587 3957 1855 4050 dapiferi
1904 3958 2129 4030 nostri.
2183 3959 2253 4028 S.
2307 3958 2531 4031 Matbei
2569 3960 2928 4033 camerarii.

684 4075 751 4143 S.
793 4071 1017 4144 Mathei
1050 4071 1531 4145 constabularii.
1568 4077 1635 4145 S.
1678 4071 1980 4144 Willelmi
2022 4071 2408 4144 buticularii.

770 4187 927 4258 Data
980 4209 1090 4279 per
1133 4211 1389 4258 manum
1423 4186 1688 4258 Cadurci
1731 4185 2122 4260 cancellarii.
