3485 5571
1465 694 1820 760 —419-

512 837 580 896 et
636 819 902 915 siquod
955 821 1124 894 aliud
1169 825 1277 914 jus
1328 821 1393 894 in
1447 823 1749 896 omnibus
1811 821 1998 896 dictis
2047 821 2317 898 decimis
2370 826 2646 896 habebat
2700 837 2765 895 et

516 941 753 1009 hahere
781 951 1054 1029 poterat,
1093 935 1284 1008 dictis
1311 939 1556 1009 decano
1586 952 1650 1008 et
1686 935 1966 1028 capitulo
1992 936 2256 1028 quitavit
2282 939 2351 1008 in
2385 954 2763 1030 perpetuum

513 1066 580 1123 et
615 1051 882 1123 dimisit.
916 1049 1140 1123 Dictus
1168 1074 1317 1122 vero
1359 1050 1734 1122 Guillelmus
1787 1049 2065 1135 lodoini,
2107 1075 2142 1122 a
2172 1075 2325 1142 quo,
2371 1065 2439 1122 ut
2511 1051 2766 1124 dicebat

512 1165 686 1237 idem
713 1166 1087 1237 Guillelmus
1124 1167 1411 1249 Jodoini,
1438 1166 1722 1256 predicte
1762 1187 1989 1237 omnes
2019 1189 2277 1237 sorores
2301 1189 2417 1238 sue
2456 1180 2522 1237 et
2553 1168 2764 1239 dictus

516 1279 780 1351 Colinus
818 1293 1020 1351 ratam
1056 1303 1239 1351 suam
1279 1303 1353 1350 ex
1404 1279 1593 1350 dictis
1649 1277 1924 1350 decimis
1982 1278 2303 1350 venditam
2352 1283 2654 1351 tenebant
2700 1280 2764 1349 in

515 1397 802 1477 modum,
839 1394 1077 1464 dictam
1114 1393 1555 1464 venditionem
1582 1416 1617 1463 a
1659 1392 1850 1464 dictis
1895 1392 2225 1465 sororibus
2291 1397 2432 1464 suis
2489 1408 2554 1465 et
2594 1394 2766 1466 dicto

523 1507 746 1580 Colino
773 1511 1003 1579 tactam
1033 1511 1235 1579 voluit
1263 1522 1327 1578 et
1353 1507 1629 1578 laudavit
1654 1521 1718 1579 et
1757 1520 1961 1578 totum
1993 1510 2252 1579 feodum
2277 1532 2465 1579 suum
2487 1531 2766 1580 ammor-

518 1621 805 1706 tificavit,
848 1637 909 1693 et
932 1620 1256 1694 concessit
1294 1625 1466 1714 quod
1508 1621 1711 1692 dictas
1753 1623 2041 1693 decimas
2096 1646 2325 1694 omnes
2385 1636 2646 1695 teneant
2702 1637 2768 1695 et

521 1735 893 1827 possideant
934 1736 998 1806 in
1039 1759 1233 1807 manu
1273 1750 1520 1807 mortua
1562 1737 1863 1807 decetero
1896 1734 2046 1806 dicti
2088 1738 2372 1808 decanus
2411 1751 2473 1808 et
2521 1737 2767 1827 capitu-

520 1853 653 1922 lum
709 1851 909 1922 libere
962 1864 1027 1922 et
1073 1851 1310 1942 quiete.
1374 1849 1813 1922 Promiserunt
1881 1852 2145 1942 insuper
2208 1851 2478 1943 predicti
2540 1875 2768 1924 omnes

517 1965 915 2049 venditores,
992 1975 1114 2036 etc.
1141 2019 1202 2036 ..
1307 1966 1505 2037 immo
1590 1968 2049 2057 promiserunt,
2134 1977 2255 2038 etc.
2284 2020 2300 2036 .
2330 2019 2347 2036 .
2474 1971 2768 2038 Preterea

520 2082 955 2171 promiserunt
1028 2079 1179 2150 dicti
1257 2081 1546 2150 Herveus
1604 2093 1668 2151 et
1738 2082 1929 2151 frater
2002 2083 2142 2171 ejus
2227 2082 2398 2171 quod
2470 2102 2769 2172 procura-

518 2197 682 2266 hunt
735 2208 799 2265 et
837 2193 1120 2264 efficient
1178 2216 1326 2283 erga
1372 2192 1581 2264 dictos
1619 2197 2016 2284 Stephanum
2055 2207 2121 2264 et
2168 2193 2560 2285 Philippum,
2605 2218 2770 2285 quos

520 2311 794 2380 habehat
834 2307 897 2377 in
932 2308 1099 2378 hallo
1128 2330 1250 2378 suo
1280 2305 1447 2377 idem
1492 2311 1799 2392 Hervens,
1837 2307 2205 2391 utdicebat‚
2241 2331 2385 2380 cum
2412 2310 2494 2379 ad
2534 2321 2768 2379 etatem

520 2421 742 2512 viginti
780 2424 1065 2513 quinque
1098 2443 1413 2492 annorum
1454 2421 1859 2502 devenerint,
1892 2425 2063 2511 quod
2105 2423 2310 2493 dictas
2363 2421 2767 2494 venditiones

516 2550 687 2607 ratas
723 2538 1049 2606 habebunt
1089 2557 1305 2606 coram
1347 2533 1536 2605 nobis
1578 2536 1673 2605 vel
1702 2535 2044 2606 officialem
2076 2534 2595 2607 Aurelianensem
2658 2537 2767 2628 qui

526 2670 640 2739 pro
679 2661 968 2739 tempore
1008 2647 1224 2730 suerit,
1268 2660 1332 2717 et
1370 2661 1699 2737 acceptas,
1732 2659 1796 2717 et
1857 2649 2027 2737 quod
2067 2646 2277 2738 aliqua
2334 2646 2589 2719 racione
2634 2672 2764 2719 non

518 2761 780 2834 venient
810 2773 1032 2834 contra
1073 2759 1310 2852 aliquid
1340 2763 1418 2832 de
1458 2760 1791 2853 predictis,
1823 2772 1887 2831 et
1926 2762 2095 2852 quod
2139 2759 2201 2831 in
2233 2760 2535 2833 omnibus
2576 2761 2765 2835 dictis

518 2876 791 2949 decimis
832 2876 1023 2947 nichil
1068 2899 1180 2967 per
1219 2899 1290 2948 se
1320 2878 1417 2947 vel
1459 2898 1573 2967 per
1596 2876 1790 2947 alium
1830 2879 2296 2960 reclamabunt,
2325 2901 2440 2969 per
2474 2880 2664 2949 fidem
2689 2883 2767 2951 ab

518 2990 678 3083 ipsis
715 2991 1005 3082 Philippo
1031 3003 1095 3062 et
1126 2993 1451 3082 Stephano
1487 3013 1681 3081 super
1719 2992 1844 3061 hoc
1886 3006 2037 3061 tunc
2077 2994 2508 3082 prestandam.
2550 2996 2625 3063 Et
2656 3017 2768 3083 pro

517 3106 648 3176 hiis
676 3107 979 3176 omnibus
1019 3119 1081 3176 et
1111 3103 1383 3195 singulis
1417 3103 1717 3195 predictis
1778 3104 2078 3176 tenendis
2136 3104 2202 3175 in
2278 3121 2654 3197 perpetuum
2706 3121 2771 3178 et

517 3218 886 3310 implendis,
925 3233 990 3291 et
1036 3221 1116 3291 de
1162 3242 1292 3290 non
1355 3218 1671 3291 veniendo
1711 3235 1935 3291 contra
2005 3219 2247 3310 aliquid
2324 3223 2403 3291 de
2463 3221 2768 3311 predictis

518 3333 670 3405 dicti
739 3335 1026 3418 ColinuS,
1106 3333 1478 3405 Guillelmus
1517 3332 1773 3404 Jodoini
1841 3350 1905 3404 et
1947 3347 2147 3405 mater
2199 3349 2259 3405 et
2301 3357 2561 3405 sorores
2599 3338 2766 3425 ejus,

520 3447 896 3519 Guillelmus
925 3450 1004 3519 de
1042 3451 1265 3531 Ponte,
1319 3451 1645 3518 lohannes
1719 3446 1999 3529 Jodoini,
2066 3451 2315 3534 Petrus,
2378 3472 2535 3518 uxor
2600 3453 2764 3540 ejuS,

521 3566 801 3634 Herveus
841 3576 905 3633 et
946 3566 1136 3633 frater
1174 3565 1315 3652 ejus
1359 3564 1552 3632 fidem
1594 3584 1775 3631 suam
1806 3563 1869 3630 in
1904 3584 2096 3631 manu
2134 3560 2286 3631 dicti
2346 3562 2564 3633 Jacobi
2630 3587 2768 3635 cor-

519 3676 819 3768 poraliter
855 3675 1298 3766 prestiterunt,
1330 3689 1394 3746 et
1438 3674 1593 3745 dicti
1629 3674 1959 3766 Philippus
2014 3687 2078 3745 et
2123 3679 2487 3766 Stephanus
2549 3699 2765 3748 coram

515 3794 745 3864 eodem
779 3793 1019 3862 Jacobo
1057 3789 1472 3881 prestiterunt
1499 3810 1693 3879 super
1727 3803 1949 3859 sancta
2000 3788 2108 3859 Dei
2184 3789 2520 3880 Evangelia
2557 3814 2767 3861 sacra-

517 3918 833 3976 mentum.
873 3906 1027 3974 Item
1063 3925 1178 3994 pro
1217 3901 1341 3972 hiis
1368 3901 1669 3972 omnibus
1697 3914 1761 3971 et
1788 3900 2061 3991 singulis
2094 3901 2405 3992 predictis
2466 3904 2766 3974 tenendis

515 4023 585 4089 in
625 4031 1006 4110 perpetuum
1046 4030 1109 4088 et
1136 4016 1484 4108 implendis
1528 4014 1680 4087 dicti
1723 4015 2115 4098 venditoreS,
2188 4030 2315 4086 tam
2398 4015 2511 4086 viri
2574 4041 2766 4107 quam

518 4132 850 4216 mulieres,
883 4146 946 4203 et
986 4134 1144 4203 dicti
1175 4135 1452 4202 llerveus
1478 4143 1542 4201 et
1600 4134 1794 4201 frater
1845 4132 1984 4220 ejus
2048 4129 2238 4202 dictis
2290 4133 2413 4202 fide
2491 4145 2556 4202 et
2599 4134 2768 4222 jura-

518 4261 739 4319 mento
773 4269 844 4318 se
872 4260 937 4318 et
975 4268 1202 4318 omnes
1242 4247 1514 4316 heredes
1540 4258 1605 4316 et
1635 4266 2052 4316 successores
2075 4268 2229 4317 suos
2261 4260 2323 4317 et
2363 4244 2574 4316 omnia
2600 4249 2766 4318 hona

517 4383 634 4434 sua
662 4375 727 4433 et
764 4362 1074 4432 heredum
1099 4375 1159 4432 et
1200 4382 1654 4430 successorum
1694 4382 1960 4431 suorum
2001 4359 2258 4430 mobilia
2295 4374 2359 4431 et
2385 4358 2761 4449 immobilia,

518 4476 843 4571 presentia
870 4489 933 4548 et
970 4478 1179 4546 sutura
1221 4472 1593 4546 memoratis
1634 4477 1887 4547 decano
1941 4489 2005 4546 et
2065 4477 2345 4565 capitulo
2403 4474 2768 4565 specialiter

517 4590 884 4684 obligarunt
920 4604 980 4662 et
1031 4602 1512 4682 supposuerunt
1543 4588 1977 4680 jurisdictioni
2032 4589 2208 4661 curie
2261 4588 2761 4672 AurelianensiS,

522 4720 587 4781 et
625 4718 1042 4779 asseruerunt
1066 4704 1237 4777 dicte
1269 4702 1574 4776 mulieres
1595 4727 1823 4777 omnes
1858 4726 1971 4796 per
2006 4703 2150 4776 fidei
2209 4702 2533 4776 dationem
2598 4707 2766 4798 quod
