3485 5571
1324 603 1560 667 —385
1604 636 1680 649 —

404 732 612 806 Sancti
643 730 892 805 Paterni
925 730 1423 816 Aurelianensis,
1452 733 1642 802 fratre
1673 735 1997 821 Stephano
2028 734 2266 816 Baatel,
2296 733 2375 803 de
2404 731 2629 802 ordine

394 851 655 920 fratrum
685 846 1026 930 minorum,
1054 845 1253 918 tercio
1283 867 1432 916 cum
1457 844 1550 916 eis
1581 843 1911 916 nominato
1939 867 1974 915 a
2003 844 2286 936 partibus
2308 858 2372 917 et
2393 848 2624 918 electo,

395 960 670 1053 receptis
707 961 981 1032 testibus
1040 973 1105 1030 et
1157 957 1672 1030 attestationibus
1712 956 2077 1050 publicati8‚
2120 961 2379 1030 tandem
2419 959 2629 1051 priore

388 1077 467 1147 de
525 1079 758 1147 Sancto
821 1078 1091 1146 Paterno
1151 1072 1521 1144 infirmitate
1579 1075 1841 1144 detento
1891 1086 1956 1143 et
1995 1071 2437 1144 committente
2486 1072 2630 1145 aliis

390 1190 568 1260 vices
605 1210 759 1260 suas
798 1189 878 1259 de
917 1209 1243 1261 consensu
1283 1186 1582 1278 partium,
1626 1185 1782 1257 dicti
1833 1189 2126 1257 Galterus
2157 1200 2222 1258 et
2257 1188 2452 1258 frater
2489 1190 2631 1258 Ste-

391 1305 639 1394 phanus
686 1314 1098 1374 accesserunt
1146 1299 1567 1393 personaliter
1604 1303 1683 1372 ad
1722 1305 2035 1392 Lymoron
2068 1313 2131 1372 et
2167 1302 2248 1371 ad
2281 1313 2512 1372 terram
2553 1304 2633 1373 de

390 1418 575 1508 cujus
625 1415 873 1487 decima
919 1419 1255 1488 contentio
1293 1415 1692 1499 movebatur,
1735 1414 1844 1505 qui
1886 1438 2000 1507 pro
2039 1418 2211 1489 bono
2251 1413 2454 1507 paciS,
2492 1436 2633 1505 pre-

390 1543 577 1602 sente
605 1528 890 1618 Girardo,
923 1533 1140 1623 priore
1170 1544 1392 1604 nostro
1431 1532 1511 1601 de
1549 1534 1864 1621 Lymoron
1911 1541 1977 1601 et
2021 1531 2507 1613 consenciente,
2550 1529 2635 1600 ita

391 1643 845 1716 ordinaverunt
890 1647 1064 1735 quod
1121 1658 1475 1736 posuerunt
1526 1655 1656 1715 tres
1695 1657 1902 1715 metas
1940 1667 2017 1716 ex
2060 1658 2427 1716 transverso
2468 1642 2637 1715 dicte

393 1761 669 1843 culture,
711 1760 880 1830 sicut
909 1760 1315 1851 protenditur
1348 1780 1572 1830 versus
1610 1763 1965 1850 ,Lymoron,
2019 1757 2320 1830 videlicet
2365 1760 2526 1828 duas
2557 1761 2635 1829 ad

394 1877 523 1946 duo
583 1876 795 1966 capita
844 1889 911 1947 et
972 1898 1166 1947 unam
1227 1873 1291 1944 in
1355 1874 1597 1959 medio,
1649 1876 1924 1965 figentes
1972 1896 2084 1946 eas
2150 1872 2213 1944 in
2254 1872 2640 1947 divisionem

395 1987 843 2061 decimationis
892 1993 1127 2060 Sancte
1177 1987 1400 2061 Crucis
1438 1987 1941 2072 Aurelianensis,
2000 1988 2087 2060 ita
2144 1991 2316 2078 quod
2365 1990 2643 2061 ecclesia

394 2101 871 2174 Aurelianensis
900 2117 962 2174 et
985 2101 1410 2174 decimatores
1437 2101 1535 2174 sui
1567 2105 1922 2185 habebunt,
1950 2101 2302 2193 percipient
2334 2116 2397 2174 et
2427 2126 2646 2193 prose·

394 2228 674 2307 quentur
701 2216 964 2309 pacifice
988 2230 1052 2287 et
1082 2218 1297 2308 quiete
1326 2217 1644 2288 decimam
1684 2239 1798 2308 per
1828 2230 2026 2287 totam
2058 2218 2300 2287 dictam
2331 2220 2647 2289 culturam

397 2329 565 2401 sicut
597 2329 1000 2423 protenditur
1033 2332 1340 2402 deversus
1367 2332 1705 2403 Villemarz
1732 2354 1936 2422 usque
1973 2333 2056 2402 ad
2081 2331 2223 2402 illas
2254 2345 2385 2402 tres
2413 2347 2645 2415 metaS,

396 2459 461 2516 et
500 2444 770 2515 ulterius
810 2444 874 2515 in
929 2443 1073 2515 aliis
1127 2443 1314 2515 terris
1358 2446 1439 2516 de
1477 2449 1790 2536 Lymoron
1833 2444 2148 2517 decimam
2190 2469 2318 2518 non
2353 2459 2654 2536 poterunt

397 2560 770 2629 reclamare.
807 2562 933 2629 Nos
972 2581 1124 2630 vero
1158 2558 1624 2630 ordinationem
1663 2581 1888 2630 eorum
1929 2572 1994 2631 et
2035 2558 2421 2650 positionem
2453 2571 2654 2630 meta-

397 2694 540 2742 rum
582 2686 783 2743 ratam
819 2686 884 2743 et
910 2685 1155 2763 gratam
1189 2674 1535 2758 habentes,
1576 2672 2011 2764 promittimus
2051 2696 2171 2745 nos
2210 2695 2351 2744 eam
2388 2673 2657 2746 firmiter

399 2790 857 2859 observaturos
917 2801 983 2860 et
1036 2789 1403 2859 nullatenus
1464 2812 1583 2860 nos
1622 2802 1843 2860 contra
1895 2785 2135 2860 venire.
2197 2792 2429 2859 Datum
2486 2812 2655 2861 anuo

405 2899 670 2972 Domini
710 2904 863 2971 MCC
900 2900 1461 2994 quinquagesimo,
1499 2925 1724 2974 mense
1756 2904 2117 2987 novembri,

1435 3247 1632 3310 CCXC

1296 3521 1558 3582 Janvier
1601 3519 1753 3582 1251

410 3748 787 3821 Compromis,
819 3747 1045 3819 accepte
1084 3762 1185 3819 par
1229 3746 1614 3803 Sainte-Croix
1653 3753 1709 3802 et
1758 3748 1976 3804 Hubert
2028 3748 2098 3803 de
2128 3748 2464 3817 Peronville‚
2506 3765 2575 3804 en
2608 3749 2663 3804 la

481 3859 764 3916 personne
794 3844 1083 3899 d’Etienne
1111 3841 1254 3898 dela
1283 3845 1528 3900 couture
1548 3850 1603 3900 et
1629 3844 1702 3899 de
1727 3845 2049 3901 Guillaume
2073 3844 2400 3909 Manchard,
2433 3860 2577 3916 pour
2607 3847 2661 3902 le

482 3940 796 4011 reglement
823 3939 922 3995 des
958 3940 1143 4012 points
1173 3939 1422 4011 litigieux
1448 3957 1482 4011 y
1511 3939 1765 4012 specifies
1796 3941 1892 4012 qui
1925 3942 2004 3998 les
2035 3940 2292 3998 divisent.

880 4086 1059 4158 (Orig.
1090 4103 1136 4141 s.
1169 4086 1362 4158 parch.
1395 4086 1564 4141 Arch.
1596 4084 1673 4141 du
1702 4085 1911 4156 Loiret‚
1942 4087 2009 4141 G.
2050 4086 2198 4149 377).

510 4279 832 4349 Universis
862 4290 1196 4369 presentes
1235 4278 1477 4349 litteras
1518 4276 1906 4370 inspecturis
1943 4281 2328 4372 M[anasses]
2370 4282 2663 4350 'decanus

420 4403 754 4483 totumque
802 4391 1150 4484 capitulum
1219 4397 1450 4464 Sancte
1498 4392 1718 4464 Crucis
1758 4393 2237 4465 Aurelianensis
2285 4396 2556 4464 salutem
2598 4392 2661 4463 in

417 4506 720 4577 Domino.
754 4505 1058 4578 Noverint
1089 4505 1364 4578 universi
1424 4509 1593 4599 quod
1649 4530 1794 4578 cum
1830 4522 2181 4580 verteretur
2211 4506 2537 4579 contentio
2567 4507 2666 4577 in-

421 4634 517 4691 ter
553 4641 702 4705 nos,
756 4643 829 4691 ex
870 4644 991 4691 una
1035 4635 1236 4712 parte,
1277 4630 1341 4692 et
1378 4624 1727 4692 Hubertum
1762 4625 1841 4694 de
1864 4621 2326 4713 Espesouvilla,
2372 4620 2667 4709 militem,

599 4763 752 4818 usu.
793 4776 927 4819 xxx.
2424 4764 2495 4819 25
