3485 5571
1347 717 1426 727 -
1471 681 1582 744 247
1629 716 1709 726 -

1425 1033 1627 1094 CLXII

1368 1334 1489 1405 Mai
1534 1333 1692 1397 1213

385 1591 755 1663 Compi-omis
784 1606 856 1645 en
892 1591 948 1645 la
971 1604 1252 1660 personne
1281 1587 1349 1644 de
1375 1589 1649 1658 Manasse‚
1681 1590 1894 1661 eveque
1932 1587 2245 1658 d’OrleanS‚
2273 1587 2523 1642 consenti
2553 1602 2654 1659 par

461 1689 519 1742 le
571 1686 826 1758 chapitre
857 1685 926 1740 de
955 1685 1363 1755 Saint-Aignan
1392 1701 1535 1755 pour
1579 1686 1746 1756 juger
1782 1685 2023 1740 certains
2053 1683 2354 1739 distel-ends
2383 1683 2657 1756 pendants

462 1788 638 1838 entre
665 1782 936 1853 leveque,
966 1780 1368 1851 Saint-Aignan
1397 1787 1454 1837 et
1483 1781 1895 1839 Salute-Croix.

388 1928 621 2000 (Copie.
654 1927 779 1985 Bib.
812 1924 1128 1996 d’Orleans,
1154 1943 1262 1984 me.
1303 1926 1448 1984 552:
1480 1942 1539 1998 Ρ.
1572 1926 1697 1983 308.
1747 1949 1772 1978 ι
1811 1929 2140 1983 Extractum
2166 1944 2233 1983 ex
2262 1927 2526 1983 cartulari
2554 1942 2658 1981 seu

762 2023 1000 2094 registro
1024 2022 1202 2078 rubeo
1232 2024 1480 2079 ecclesiae
1509 2025 1727 2085 Sanctae
1758 2023 1973 2094 Crucis,
2004 2023 2049 2078 f⁰
2079 2024 2186 2078 112
2225 2029 2300 2094 ».)

479 2238 856 2313 Venerabili
901 2237 1062 2329 patri
1094 2252 1159 2310 et
1199 2239 1462 2310 domino
1498 2239 1834 2309 carissimo
1869 2239 2166 2321 Manassi,
2209 2237 2655 2311 Aurelianensi

387 2361 748 2449 episcopo,
792 2354 1006 2425 Sancti
1048 2353 1269 2424 Auiani
1298 2356 1583 2425 decanus
1621 2368 1687 2425 et
1731 2355 2100 2427 universum
2129 2358 2419 2446 ejusdem
2445 2357 2658 2426 eecle-

397 2470 496 2541 sie
528 2468 916 2561 capitulum,
960 2470 1232 2538 salutem
1265 2469 1379 2560 [et]
1418 2467 1734 2539 sinceram
1777 2468 1841 2538 in
1884 2471 2162 2540 Domino
2210 2472 2650 2541 dilectionem.

391 2589 733 2672 Quantum
788 2604 1125 2674 personam
1168 2596 1446 2652 vestram
1489 2605 1744 2654 necnon
1805 2588 2118 2655 honorem
2161 2598 2445 2656 vestrum
2487 2606 2656 2655 sem·

387 2722 507 2790 per
565 2696 821 2768 sincera
876 2695 941 2766 in
1006 2694 1282 2767 Domino
1345 2698 1610 2768 caritate
1672 2700 1987 2768 fuerimus
2038 2697 2417 2791 complexati
2480 2698 2656 2771 novit

391 2813 696 2885 omnium
727 2811 1031 2883 conscius
1093 2824 1515 2882 secretorum.
1580 2815 1737 2883 Inde
1767 2825 1867 2883 est
1904 2816 2101 2904 quod,
2143 2816 2223 2884 de
2264 2812 2655 2886 discretione

388 2941 640 3010 vestra,
690 2928 873 3017 cujus
908 2927 1192 3018 ¹jucunda
1252 2924 1471 3020 opinio
1510 2947 1641 2995 nou
1681 2929 1893 2996 solum
1937 2929 2103 3018 apud
2144 2949 2265 2997 nos
2305 2929 2420 2998 sed
2459 2926 2652 3002 etiam

388 3043 569 3133 apud
612 3037 773 3110 alios
813 3062 930 3130 per
956 3040 1071 3110 Dei
1111 3038 1376 3130 gratiam
1433 3039 1739 3123 innotuit,
1769 3039 2130 3130 specialiter
2170 3033 2648 3132 presumentes,

390 3157 594 3225 salvis
636 3151 988 3244 privilegiis
1014 3150 1257 3223 nostris
1296 3152 1680 3225 etlibertate
1719 3153 1997 3226 ecclesie
2039 3169 2283 3236 nostre,
2326 3159 2446 3226 sub
2489 3179 2653 3247 pena

388 3268 731 3359 sexaginta
801 3269 1106 3338 librarum
1173 3266 1235 3335 in
1278 3291 1392 3338 vos
1451 3267 2063 3370 compromittimuS,
2107 3283 2316 3340 ratum
2371 3270 2650 3340 habituri

390 3382 716 3474 quidquid
750 3394 959 3451 vestra
1000 3380 1328 3468 discreti0‚
1374 3381 1842 3473 compositione
1882 3386 1979 3454 vel
2012 3383 2255 3474 judicio
2297 3384 2648 3468 mediante,

388 3492 650 3565 duxerit
691 3492 1164 3583 disponendum
1230 3518 1425 3585 super
1474 3493 1760 3565 articulis
1799 3496 1904 3585 qui
1947 3494 2220 3567 inferius
2264 3510 2654 3568 annotantur

386 3607 743 3680 videlicet:
803 3630 998 3698 super
1053 3608 1424 3699 receptione
1478 3608 1967 3680 interdictorum
2024 3624 2386 3682 vestrorum
2456 3635 2649 3703 quam

388 3722 585 3794 nohis
652 3719 986 3812 imponitis
1021 3729 1086 3806 ¹3
1142 3746 1337 3815 super
1392 3724 1829 3794 controversia
1880 3727 2157 3796 ecclesie
2212 3728 2291 3797 de
2331 3729 2646 3818 cappella,

388 3859 518 3927 que
551 3833 823 3906 vertitur
861 3834 1026 3906 inter
1065 3858 1186 3907 nos
1225 3850 1289 3906 et
1323 3839 1637 3908 decanum
1671 3840 2238 3921 Aurelianensem;
2282 3863 2475 3932 super
2505 3864 2651 3912 suc-

389 3973 596 4022 cursu
638 3950 914 4020 ecclesie
952 3963 1170 4021 nostre
1209 3953 1289 4021 de
1331 3950 1726 4037 Herbiliaco;
1763 3971 1956 4043 super
1986 3953 2153 4024 cerei
2195 3954 2649 4027 benedictione

391 4079 456 4135 et
496 4061 779 4134 lontium
818 4061 882 4132 in
913 4062 1127 4155 vigilia
1170 4068 1412 4136 Pasche
1444 4090 1462 4149 ;
1503 4068 1626 4137 hoc
1656 4065 1851 4137 etiam
1892 4066 2258 4160 specialiter
2296 4071 2646 4142 offerentes

393 4181 570 4270 quod
623 4199 792 4247 unus
831 4180 929 4249 vel
988 4180 1114 4249 duo
1173 4177 1237 4248 in
1275 4202 1450 4250 aram
1491 4178 1776 4271 capituli,
1821 4184 1917 4252 vel
1959 4180 2222 4273 singuli,
2265 4182 2320 4254 si
2359 4183 2641 4274 libuerit,

394 4313 597 4383 super
636 4305 1043 4363 sacrosancta
1078 4292 1405 4383 evangelia
1466 4317 1692 4364 sumus.
1740 4296 1954 4385 jurare
1988 4295 2183 4387 parati
2222 4300 2394 4387 quod
2431 4320 2551 4368 nos
2581 4297 2644 4368 in

398 4407 627 4476 odium
663 4403 856 4476 vestri
916 4408 1017 4477 vel
1077 4407 1351 4478 ecclesie
1418 4422 1628 4480 vestre
1674 4408 2092 4501 prejudicium
2140 4409 2224 4480 nil
2268 4433 2550 4504 unquam
2579 4413 2644 4484 in

468 4718 484 4752 ¹
523 4719 784 4789 Allusion
811 4720 842 4775 a
866 4718 1127 4776 l’interdit
1157 4721 1226 4776 de
1249 4720 1393 4777 1210
1434 4722 1510 4793 (v.
1544 4727 1708 4777 notre
1732 4720 2131 4794 supplement).
