3485 5571
1873 630 2210 696 ...272—

1868 958 2190 1021 CLXXXIl

1825 1239 2234 1305 sumet1219

900 1443 1184 1515 L’eveque
1215 1441 1472 1497 Manasse
1499 1457 1784 1513 approuve
1807 1458 1885 1497 un
1905 1443 2151 1513 &change
2176 1443 2246 1499 de
2263 1443 2496 1515 ohamps
2525 1442 2622 1498 fait
2649 1447 2808 1498 entre
2834 1440 3022 1496 Aubert
3039 1438 3094 1493 de

974 1540 1231 1610 Rouvray
1269 1543 1323 1594 et
1362 1538 1591 1609 Hugues
1639 1538 1708 1592 de
1760 1539 2075 1610 Miramion‚
2120 1545 2173 1595 et
2198 1539 2446 1611 &change
2490 1555 2623 1595 avec
2664 1536 3015 1595 &inte-croix
3055 1535 3097 1588 la

972 1635 1316 1690 suzerainete
1341 1635 1410 1690 de
1439 1635 1555 1689 l’un
1580 1632 1766 1690 d’eux.

1169 1780 1348 1851 (Orig.
1381 1796 1427 1835 s.
1451 1780 1645 1851 parch.
1678 1781 2072 1851 endommage.
2094 1782 2270 1837 Arch.
2305 1781 2383 1837 du
2414 1781 2622 1853 Loiret‚
2648 1783 2715 1840 G.
2742 1779 2877 1850 3773

1718 1878 1968 1933 mention
1998 1876 2332 1948 Scriptum).

993 2097 1340 2176 ManasseS,
1382 2095 1498 2164 Dei
1526 2093 1727 2185 gratia
1759 2093 2236 2166 Aurelianensis
2269 2092 2641 2186 episcopus,
2679 2092 2964 2164 omnibus
2990 2110 3107 2182 pre-

906 2219 1130 2278 sentes
1167 2205 1410 2277 litteras
1470 2205 1860 2298 inspecturis
1900 2211 2172 2279 salutem
2215 2205 2279 2277 in
2330 2205 2632 2279 Domino.
2677 2200 3107 2278 Noverintuni·

901 2318 1072 2391 versi
1133 2321 1351 2415 [quod]
1422 2343 1569 2392 cum
1642 2319 1919 2393 dilectus
1985 2335 2048 2393 et
2113 2320 2320 2392 fidelis
2385 2335 2608 2393 noster
2672 2323 2976 2391 Aubertus
3039 2317 3105 2385 de

903 2436 1203 2519 Rovreto‚
1236 2433 1446 2518 miles,
1483 2457 1780 2526 campum
1815 2437 1991 2526 juxta
2035 2433 2284 2506 vineam
2352 2436 2381 2527 [
3058 2427 3101 2520 ],

902 2546 1149 2633 militis,
1194 2547 1414 2631 situm,
1450 2552 1529 2619 de
1570 2550 1759 2620 leodo
1783 2547 2164 2621 dilectorum
2205 2548 2477 2620 filiorum
2522 2547 2746 2620 decani
2788 2562 2849 2620 et
2872 2543 3105 2637 capituli

905 2662 1381 2734 Aurelianensis
1434 2677 1827 2746 moventem,
1888 2663 2131 2754 Hugoni
2192 2665 2270 2734 de
2328 2662 2724 2746 Mesamium,
2791 2659 2985 2743 militi,
3053 2654 3105 2725 in

900 2773 1297 2846 escambium
1339 2774 1587 2847 dederit
1629 2790 1694 2847 et
1741 2776 2141 2848 concesserit
2191 2799 2305 2867 pro
2344 2799 2569 2869 campo
2611 2777 2789 2867 juxta
2829 2773 2976 2846 viam
3002 2790 3107 2861 que

899 2887 1077 2961 ducit
1113 2914 1147 2961 a
1189 2891 1332 2961 villa
1372 2889 1649 2962 Mesamii
1693 2913 1921 2961 versus
1961 2889 2324 2962 Trienaium
2368 2889 2517 2975 sito,
2582 2892 2662 2961 de
2702 2891 2886 2961 leodo
2923 2880 3106 2958 dilecti

902 3017 967 3075 et
1021 3006 1228 3077 fidelis
1277 3007 1479 3077 nostri
1537 3006 1667 3076 Ade
1707 3007 1787 3076 de
1846 3006 2135 3090 Loriaco,
2179 3003 2423 3088 militis,
2468 3021 2533 3075 et
2562 3019 2785 3077 nostro
2819 3011 3103 3080 movente,

899 3141 1090 3210 qnem
1132 3121 1306 3191 idem
1340 3124 1517 3211 Hugo
1557 3119 1731 3191 dicto
1787 3123 2062 3191 Auberto
2094 3119 2358 3211 quitavit
2396 3134 2460 3191 et
2487 3119 2814 3192 concessit
2851 3115 3108 3191 similiter

903 3233 965 3304 in
1019 3233 1414 3305 escambium
1482 3257 1593 3325 pro
1659 3233 2029 3326 supradicto
2085 3257 2337 3325 campo,
2404 3257 2551 3319 nos,
2614 3237 2694 3305 ad
2756 3234 3106 3327 peticionem

907 3347 1238 3438 utriusque
1297 3347 1542 3431 militis,
1603 3347 2000 3420 escambium
2076 3350 2156 3419 de
2221 3347 2553 3440 premissis
2610 3348 2854 3440 campis
2907 3351 3105 3417 factum

904 3478 1111 3536 ratum
1173 3467 1482 3536 babemus
1536 3480 1599 3536 et
1656 3464 2005 3536 liberaliter
2045 3468 2502 3560 approbamus,
2577 3465 2661 3536 ita
2712 3479 2920 3537 tamen
2964 3457 3106 3554 quod

798 3668 814 3684 ς
903 3601 1167 3671 campus
1207 3601 1398 3671 quem
1438 3582 1629 3651 modo
1662 3578 1872 3651 dictus
1899 3583 2075 3670 Hugo
2113 3577 2402 3671 possidet
2430 3582 2508 3651 ad
2535 3581 2793 3651 feodum
2822 3576 2965 3650 dicti
3001 3572 3106 3644 Ade

901 3695 980 3763 de
1061 3694 1321 3764 Loriaco
1361 3706 1425 3764 et
1486 3707 1778 3764 nostrum
1850 3694 2084 3783 pariter
2125 3692 2476 3785 pertinebit
2542 3706 2608 3765 et
2657 3692 2721 3765 in
2768 3704 3104 3786 perpetuum

900 3806 1261 3891 adherebit,
1318 3810 1559 3899 prelato
1607 3829 1839 3899 campo
1895 3806 2048 3878 dicti
2118 3807 2375 3879 Auberti
2414 3811 2493 3880 ad
2539 3810 2793 3880 feodum
2827 3801 3108 3900 supradic-

902 3933 1112 3992 torum
1165 3923 1389 3992 decani
1453 3929 1522 3992 et
1576 3919 1835 4013 capituli
1877 3918 2355 3993 Aurelianensis
2395 3937 2773 3995 remanente
2810 3923 2957 3994 etin
2995 3936 3106 4008 per·

902 4047 1161 4127 petuum
1220 4038 1593 4106 adherente.
1648 4039 1715 4106 In
1767 4039 1951 4127 cujus
2007 4036 2097 4107 rei
2158 4037 2554 4109 memoriam'
2590 4050 2656 4109 et
2706 4032 3103 4109 testimonium

901 4163 1235 4242 presentes
1303 4149 1544 4221 litteras
1607 4153 1740 4221 fieri
1809 4149 2080 4221 fecimus
2140 4164 2204 4222 et
2264 4150 2454 4239 sigilli
2524 4150 2723 4223 nostri
2792 4138 3102 4223 munimine

898 4262 1206 4335 roborari.
1281 4267 1505 4334 Actum
1569 4286 1739 4334 anno
1807 4265 2021 4355 gracie
2097 4266 2262 4335 MCC
2329 4288 2500 4337 nono
2566 4265 2846 4352 decimo,
2919 4276 3103 4336 mense

891 4380 1081 4469 julio.
