3485 5571
1358 700 1709 777 -179-

1424 1017 1632 1077 XCVII

1424 1285 1630 1367 [1179]

400 1512 680 1568 Abandon
710 1527 812 1584 par
838 1513 1220 1584 l’arcbipretre
1248 1513 1318 1568 de
1347 1512 1623 1570 Chilleurs
1660 1514 1732 1568 de
1762 1519 1888 1569 tous
1919 1529 2010 1569 ses
2041 1515 2219 1571 droits
2256 1515 2660 1588 d’archipretro

1064 1624 1164 1665 sur
1182 1607 1402 1681 l'eglito
1430 1611 1489 1664 et
1514 1609 1691 1664 sui-11
1720 1610 1990 1680 paroisse.

544 1755 727 1826 (Orig.
761 1773 807 1810 s.
836 1751 1031 1828 purch.
1063 1753 1234 1811 Arch.
1270 1754 1345 1812 du
1375 1753 1580 1827 Loiret,
1608 1755 1675 1812 G.
1708 1754 1813 1812 321
1840 1774 1855 1827 ;
1899 1756 2148 1813 mention
2176 1756 2515 1830 Scriptum).

489 1953 626 2041 Ego
684 1952 1089 2043 Hlauassesj,
1153 1948 1630 2021 Aurelianensis
1681 1949 1959 2022 ecclesie
2012 1950 2305 2024 minister
2364 1955 2654 2038 humilis,

404 2063 713 2133 omnibus
773 2066 851 2134 ad
910 2087 1077 2154 quos
1139 2077 1477 2156 presentes
1536 2063 1750 2134 littere
1813 2064 2190 2136 devenerint
2244 2081 2465 2138 notum
2517 2066 2655 2138 lieri

405 2179 706 2247 volumus
769 2178 941 2266 quod
1016 2181 1089 2246 G.
1151 2177 1653 2270 archipresbiter
1716 2181 1798 2249 de
1857 2178 2174 2250 Chilleriis
2243 2178 2547 2271 quicquid
2593 2179 2658 2249 i'n

403 2287 683 2359 ecelesia
722 2291 804 2359 de
843 2288 1160 2360 Cbilleriis
1198 2289 1356 2361 etin
1399 2304 1529 2362 tota
1561 2292 1894 2383 parrochia
1944 2314 2018 2364 ex
2050 2293 2197 2385 jure
2234 2292 2661 2384 archipresbi-

407 2415 652 2473 teratus
690 2406 987 2486 babebat,
1028 2405 1096 2474 in
1128 2405 1449 2496 presentia
1483 2420 1699 2476 nostra
1741 2406 2022 2496 capitulo
2060 2409 2291 2478 Sancte
2333 2405 2555 2477 Crucis
2594 2419 2659 2478 et

405 2516 753 2608 nepotibus
793 2516 954 2588 meis
1005 2518 1305 2611 Hu{goui]
1348 2521 1598 2590 domno
1628 2533 1695 2589 et
1734 2520 2065 2612 manasse]
2114 2520 2433 2612 capicerio
2464 2526 2659 2592 Aure·

405 2628 718 2701 liauensis
760 2630 1039 2702 ecclesie
1100 2630 1346 2702 dimisit
1398 2646 1461 2703 et
1519 2632 1927 2704 donatiouem
1970 2634 2322 2725 prescripte
2376 2634 2658 2706 'ecclesie

403 2766 546 2815 cum
584 2741 767 2816 omni
826 2743 1121 2817 libertate
1180 2769 1216 2816 a
1275 2745 1462 2818 nobis
1505 2769 1842 2835 concessa,
1879 2770 2067 2838 quam
2111 2760 2239 2819 tam
2278 2770 2400 2840 ego
2464 2773 2655 2839 quam

405 2861 750 2930 florbertus
811 2858 1303 2931 archidiaconus
1342 2860 1622 2952 capitulo
1662 2862 1960 2945 lecimus,
2005 2862 2359 2934 liberaliter
2383 2882 2657 2935 eonces-

404 2972 505 3043 sit.
549 2978 781 3045 Testes
819 2976 929 3064 qui
984 2978 1108 3045 boc
1146 2976 1498 3045 audierunt
1555 2975 1857 3046 Martinus
1915 2976 2204 3069 episcopi
2245 2977 2649 3069 capellanus,

405 3088 708 3178 magister
778 3087 1151 3169 LandricuS‚
1221 3087 1527 3180 magister
1588 3090 1956 3177 RainalduS,
2017 3094 2342 3163 Cadurcus
2410 3094 2649 3183 junior,

407 3201 726 3271 Goss‘ridus
766 3201 1256 3273 matricularius,

1399 3523 1647 3584 XCVIII

1277 3795 1578 3874 ondans,
1606 3799 1770 3862 1179

385 4055 515 4130 ¹Don
548 4073 649 4128 par
679 4056 929 4126 l'eveque
973 4055 1228 4110 Manasse
1270 4070 1341 4110 au
1385 4054 1657 4109 cbanoine
1686 4054 1977 4108 Cadurcus
2025 4053 2094 4106 de
2138 4052 2349 4107 Iatour
2395 4053 2644 4108 romaine

467 4153 643 4209 situee
686 4152 889 4207 devant
935 4152 987 4206 la
1015 4157 1173 4223 porte
1201 4151 1634 4222 septentrionale
1663 4150 1731 4204 de
1762 4149 2160 4219 Sainte-Croix,
2204 4154 2259 4204 et
2305 4149 2372 4203 de
2404 4150 2455 4203 la
2486 4155 2644 4219 porte

468 4251 723 4319 contigue
753 4249 785 4303 a
815 4254 957 4303 cette
985 4253 1114 4303 tour
1141 4253 1195 4302 et
1223 4249 1255 4302 a
1286 4263 1346 4302 sa
1376 4247 1611 4302 maison.

409 4391 589 4466 (Cupie
620 4394 746 4450 Bib.
772 4396 901 4451 Nat.
935 4394 1162 4448 Moreau
1190 4393 1298 4449 83:
1330 4393 1419 4448 22.
1468 4414 1497 4448 (ι
1531 4393 1744 4449 Extrait.
1782 4393 1856 4447 du
1891 4393 2087 4447 cartul.
2121 4391 2190 4448 de
2225 4392 2639 4462 sainte-Croni,

490 4490 584 4547 iol.
618 4491 764 4546 XLII
793 4503 850 4545 τῦ
873 4508 925 4547 ο.
954 4490 1178 4562 Envoys
1207 4507 1308 4563 par
1337 4490 1403 4545 D.
1438 4490 1505 4547 G.
1539 4490 1605 4544 G.
1638 4489 1988 4551 Benedictin,
2012 4490 2064 4544 le
2090 4488 2158 4543 27
2190 4505 2338 4543 mars
2359 4488 2543 4556 1765).

490 4712 731 4781 Bonum
757 4723 857 4780 est
887 4708 1363 4781 ecclesiasticas
1393 4730 1666 4799 persone
1696 4705 1784 4776 illi
1815 4705 2126 4777 committi
2156 4702 2633 4795 possessiones,
