3485 5571
1755 660 1829 676 -.
1874 627 1951 693 38
1994 660 2072 676 .-

784 752 1163 824 auctoritate
1233 752 1645 844 nominisque
1696 755 2028 826 karactere
2085 752 2500 825 firmavimus.
2559 753 2928 826 Astantibus
2964 756 3025 827 in

782 864 1018 958 palatio
1058 880 1280 938 nostro
1320 890 1594 957 quorum
1649 869 1912 939 nomina
1952 868 2318 959 subscripta
2367 880 2518 939 sunt
2563 882 2626 939 et
2679 867 2908 958 signa:
2959 874 3021 940 S.

786 979 1059 1072 Philippi
1094 979 1373 1072 junioris
1432 982 1625 1065 regis.
1684 985 1753 1052 S.
1795 981 2095 1053 Ludovici
2153 980 2537 1054 buticularii.
2599 987 2665 1052 S.
2734 984 3014 1074 Hugonis

783 1093 1276 1165 constabularii.
1322 1099 1388 1164 S.
1468 1099 1758 1167 Manasse
1798 1095 2159 1168 camerarii.
2225 1101 2449 1167 Actum
2512 1094 2818 1180 Lorriaci,
2858 1118 3021 1167 anno

784 1205 1097 1278 incarnati
1140 1207 1313 1279 verbi
1389 1213 1438 1279 M
1502 1212 1549 1279 C
1604 1213 1786 1293 XXX,
1829 1209 2007 1302 regni
2062 1233 2210 1282 vero
2253 1209 2452 1282 nostri
2494 1213 2674 1280 XXll.
2716 1213 2875 1280 Data
2914 1232 3023 1302 per

785 1342 1044 1392 manum
1079 1321 1380 1414 Symonis
1419 1322 1810 1396 cancellarii.

1823 1662 1978 1722 XLll

1433 1890 1638 1966 PariS,
1675 1889 1805 1969 (av.
1837 1890 1903 1952 le
1930 1890 1968 1954 3
2004 1887 2188 1970 aout)
2230 1888 2390 1951 1127

778 2107 950 2165 Louis
993 2108 1068 2163 vl
1122 2106 1392 2161 confirme
1434 2105 1489 2161 la
1534 2104 1862 2161 concession
1898 2104 2033 2160 saite
2077 2121 2177 2177 par
2219 2103 2469 2177 l’eveque
2517 2105 2813 2163 d’Orleans
2868 2107 3031 2163 d’une

844 2204 1003 2275 place
1060 2201 1172 2258 dite
1224 2203 1420 2258 Tama
1472 2218 1581 2257 aux
1622 2201 1930 2257 chanoines
1964 2201 2035 2256 de
2079 2202 2477 2273 Sainte-Croix,
2525 2208 2582 2257 et
2627 2202 3031 2259 l’autorisation

845 2299 984 2372 qu'il
1007 2299 1134 2354 leur·
1162 2313 1194 2354 a
1237 2298 1457 2353 donnee
1485 2297 1555 2353 de
1583 2313 1782 2369 percer
1818 2313 1932 2353 une
1967 2303 2130 2372 porte
2169 2298 2310 2354 dans
2343 2300 2397 2354 le
2425 2315 2556 2354 mur
2583 2300 2655 2353 de
2689 2299 2823 2354 ville
2852 2302 2911 2355 et
2946 2299 3031 2371 d’y

858 2395 1001 2451 faire
1023 2395 1105 2450 les
1128 2394 1477 2467 repar-atinus
1505 2395 1871 2450 necessaires.

780 2567 960 2639 (Or-ig.
992 2568 1163 2624 Arch.
1193 2568 1269 2625 du
1297 2567 1486 2625 Loiret
1511 2570 1560 2626 G
1580 2568 1768 2639 (fonds
1789 2568 1859 2625 de
1884 2567 2282 2641 Sto-croix).·-
2302 2567 2472 2641 Copia
2503 2567 2573 2626 do
2588 2569 2815 2640 Baluze,
2836 2585 2893 2642 p.
2918 2570 3030 2639 52.)

870 2817 940 2884 ln
982 2812 1244 2886 nomine
1283 2826 1520 2884 sanctae
1549 2826 1616 2885 et
1654 2812 1999 2885 individuae
2033 2812 2385 2886 Trinitatis.
2446 2818 2580 2907 Ego
2630 2816 3014 2902 Ludovicus‚

783 2926 900 2999 Dei
939 2927 1138 3019 gratia
1182 2930 1566 2998 Francorum
1606 2949 1737 2999 rex.
1779 2931 2013 2998 Notum
2041 2927 2175 2999 fieri
2207 2931 2502 3000 volumus
2532 2929 2787 3003 cunctis
2828 2931 3029 3004 fideli·

782 3044 905 3112 bus
959 3054 1086 3112 tam
1124 3039 1354 3111 futuris
1395 3064 1585 3131 quam
1625 3055 1690 3112 et
1755 3041 2149 3113 instantibus
2201 3045 2373 3133 quod
2423 3043 2718 3116 canonici
2776 3049 3031 3117 Sanctae

786 3153 1009 3228 Crucis
1050 3153 1524 3227 Aurelianensis
1581 3157 1645 3225 in
1688 3153 1863 3226 curia
1918 3153 2267 3248 episcopali
2324 3160 2642 3248 quandam
2710 3161 3021 3232 habentes

783 3291 1022 3352 aream,
1063 3291 1210 3339 cum
1262 3266 1562 3339 domibus
1600 3268 1893 3340 orientali
1934 3292 2116 3340 muro
2147 3268 2420 3342 civitatis
2449 3271 2909 3344 adherentibus
2965 3288 3030 3346 et

783 3386 862 3453 ad
895 3385 1004 3474 jus
1035 3383 1406 3454 eorumdem
1461 3380 1919 3454 canonicorum
1960 3381 2391 3455 communiter
2425 3382 2924 3476 pertinentibus,
2961 3388 3028 3456 in

784 3501 928 3569 loco
988 3497 1096 3589 qui
1158 3499 1347 3588 vulgo
1413 3494 1650 3567 dicitur
1695 3499 1933 3581 Tanuz‚
1980 3496 2277 3570 adierunt
2339 3497 2770 3589 praesentiam
2819 3501 3029 3571 fidelis

788 3614 990 3684 nostri
1040 3611 1380 3695 Johannis,
1419 3608 1898 3683 Aurelianensis
1939 3610 2257 3703 episcopi,
2317 3610 2644 3684 humiliter
2685 3614 3031 3705 deprecan-

788 3739 887 3797 tes
925 3740 994 3797 ut
1031 3728 1352 3817 quandam
1392 3725 1767 3817 particulam
1817 3723 2014 3796 curiae
2044 3748 2179 3796 suae
2218 3729 2297 3797 ad
2348 3724 2795 3818 episcopatum
2834 3727 3029 3819 perti·

789 3854 1078 3923 nentem,
1101 3863 1245 3931 quae
1271 3838 1392 3911 sita
1418 3853 1519 3911 est
1542 3839 1709 3911 inter
1751 3838 2153 3931 supradictas
2177 3843 2407 3911 domos
2432 3853 2497 3912 et
2526 3839 3028 3937 septentrionem

788 3958 956 4047 juxta
998 3978 1250 4025 murum
1283 3953 1556 4026 civitatis
1599 3956 1663 4024 in
1703 3956 1964 4046 angulo,
2007 3958 2251 4027 babens
2281 3956 2345 4025 in
2377 3957 2778 4047 longitudine
2825 3960 3028 4049 pedes

788 4073 1120 4142 manuales
1162 4073 1316 4140 LXta
1344 4081 1410 4140 et
1444 4070 1628 4141 XV⁰¹⁰
1667 4081 1731 4141 et
1765 4068 1829 4138 in
1857 4070 2195 4141 latitudine
2223 4071 2517 4156 totidem,
2549 4073 2618 4141 in
2645 4085 3026 4163 perpetuum

786 4183 883 4258 eis
934 4185 1341 4255 concederet.
1383 4186 1459 4254 Et
1512 4205 1659 4253 cum
1699 4182 1859 4273 ipsae
1906 4185 2138 4254 domus
2188 4182 2509 4274 proedictae
2567 4207 2680 4275 per
2730 4188 3023 4256 eamdem

790 4297 1028 4370 curiam
1064 4295 1496 4388 episcopalem
1538 4295 2176 4368 consuetudinarium
2245 4296 2576 4368 introitum
2637 4298 2733 4370 vei
2795 4297 3030 4370 exitum

790 4414 1089 4492 habeant,
1126 4408 1445 4502 deprecati
1479 4424 1631 4479 sunt
1658 4407 1851 4479 etiam
1874 4413 2172 4480 eumdem
2204 4409 2582 4502 episcopum
2615 4425 2681 4481 ut
2709 4410 3030 4483 licentiam

790 4522 1062 4594 faciendi
1102 4523 1167 4592 in
1194 4546 1377 4594 muro
1418 4526 1808 4615 posterulam
1836 4525 2183 4594 ducentem
2219 4525 2299 4592 ad
2336 4522 2679 4609 orientem,
2733 4528 2815 4596 ad
2854 4548 3033 4617 egre·

790 4637 1095 4708 diendum
1136 4639 1232 4708 vel
1273 4634 1794 4728 ingrediendum,
1834 4650 1899 4709 et
1938 4636 2207 4729 insuper
2233 4639 2313 4708 de
2352 4640 2497 4729 ipso
2539 4662 2748 4722 muro,
2800 4639 2935 4712 sive
2965 4639 3030 4710 in
