3485 5571
1769 706 1843 717 —-
1889 669 2127 735 406-

821 812 1019 871 totam
1051 797 1364 871 decimam
1405 822 1595 890 quam
1628 802 1951 872 habebant
1988 801 2058 869 in
2104 798 2434 890 parrochia
2474 800 2553 868 de
2592 795 2858 869 Noemio
2896 798 3058 869 etde

821 914 1121 985 Muidain
1155 915 1344 985 blado
1409 927 1474 984 et
1529 915 1679 986 vino
1735 937 1852 986 seu
1915 913 2431 1006 quibuscumque
2485 915 2680 984 rebus
2738 911 2905 995 aliis,
2946 935 3059 1004 ego

821 1032 1175 1111 lohanne3‚
1218 1030 1297 1099 de
1332 1030 1517 1119 cujus
1557 1030 1747 1102 feodo
1787 1029 1953 1100 dicta
1988 1027 2235 1099 decima
2265 1030 2552 1100 secundo
2574 1030 2718 1099 loco
2745 1031 3056 1112 movebat,

824 1142 1060 1214 dictam
1100 1141 1535 1214 venditionem
1578 1146 1749 1229 volo,
1784 1145 1976 1215 laudo
2005 1156 2069 1213 et
2100 1143 2343 1233 aprobo
2382 1149 2450 1213 et
2479 1141 2713 1213 dictam
2751 1141 3056 1213 decimam

823 1272 1144 1348 tamquam
1184 1260 1509 1328 secundus
1551 1255 1853 1329 dominus
1904 1255 2310 1328 amortiflico.
2354 1258 2429 1326 Et
2478 1261 2536 1326 si
2567 1255 2713 1349 quis
2767 1270 3057 1347 tanquam

823 1374 1152 1443 secundus
1190 1371 1490 1443 dominus
1520 1371 1690 1444 dicte
1728 1370 1979 1445 decime
2016 1371 2225 1442 dictos
2265 1372 2580 1442 decanum
2621 1384 2684 1443 et
2719 1370 3059 1463 capitulum

825 1510 1022 1579 super
1059 1490 1183 1557 hoc
1242 1488 1641 1573 molestaret,
1707 1490 1888 1580 ipsos
1950 1499 2172 1558 contra
2226 1488 2527 1557 eumdem
2597 1488 2765 1556 bona
2820 1487 2942 1557 fide
2989 1487 3060 1557 ad

825 1625 985 1674 usus
1024 1616 1087 1672 et
1132 1602 1638 1673 consuetudines
1692 1601 1895 1692 patrie
1943 1615 2166 1673 teneor
2214 1599 2599 1691 guarantire.
2642 1604 2710 1670 ln
2752 1603 2940 1691 cujus
2980 1599 3063 1670 rei

824 1716 1198 1788 memoriam
1244 1729 1310 1787 et
1339 1714 1780 1788 testimonium
1813 1715 2024 1808 sigillo
2057 1737 2201 1786 meo
2242 1727 2575 1805 presentes
2610 1714 2857 1786 litteras
2887 1713 3062 1804 sigil-

824 1829 969 1902 lavi.
1016 1834 1246 1901 Datum
1287 1852 1455 1901 anno
1490 1830 1747 1902 Domini
1790 1828 2135 1902 millesimo
2195 1828 2638 1900 ducentesimo
2669 1827 3063 1921 quinquage-

824 1949 995 2019 simo
1034 1968 1234 2031 nono,
1277 1967 1501 2017 mense
1530 1945 1884 2019 decembri.

1855 2336 2040 2398 CCCV

1703 2612 1967 2675 Janvier
2032 2611 2191 2675 1260

1112 2865 1317 2921 Char-te
1367 2865 1943 2921 d'affranchissement
1987 2865 2057 2921 de
2110 2866 2218 2921 265
2256 2866 2403 2923 serfs
2441 2866 2510 2922 de
2542 2867 2777 2923 Beauce.

936 3013 1126 3085 (Copie
1151 3012 1299 3068 XVI·
1319 3029 1364 3068 s,
1393 3012 1566 3068 Arch.
1597 3012 1672 3068 du
1700 3012 1892 3068 Loiret
1919 3029 1932 3070 :
1966 3018 2128 3084 suppt
2154 3013 2229 3074 du
2258 3013 2422 3070 fonds
2453 3014 2520 3069 de
2550 3014 2967 3082 sainte-Croix,

1532 3125 1648 3180 reg.
1678 3108 1750 3163 de
1790 3109 2171 3166 Terminiers:
2206 3111 2251 3167 Ρ
2276 3112 2351 3179 7).

1002 3229 1169 3302 (Pub.
1196 3231 1496 3287 Memoires
1525 3231 1598 3288 de
1630 3231 1689 3285 la
1718 3229 1936 3285 Societe
1954 3232 2395 3304 arehdoloyique
2425 3231 2493 3287 de
2524 3230 2893 3299 I’Orldanais,

1716 3332 1755 3383 t.
1789 3328 1912 3398 XV,
1944 3345 2000 3399 p.
2042 3327 2192 3400 443).

917 3545 1240 3618 Universis
1293 3559 1627 3639 presentes
1683 3545 1928 3618 litteras
1986 3547 2374 3638 inspecturis
2413 3550 2696 3618 decanus
2736 3561 3066 3640 totumque

830 3661 1309 3736 Aurelianensis
1347 3661 1623 3734 ecclesie
1663 3660 2012 3753 capitulum
2064 3663 2333 3732 salutem
2380 3661 2444 3732 in
2485 3666 2792 3735 Domino.
2845 3668 3069 3735 Notum

829 3776 1098 3849 iacimus
1136 3778 1309 3868 quod
1340 3799 1487 3846 cum
1528 3799 1806 3867 persone
1844 3775 2112 3848 inferius
2150 3776 2499 3862 nominate,
2545 3775 2607 3846 in
2650 3791 2815 3849 terra
2859 3793 3067 3849 nostra

830 3894 909 3964 de
947 3890 1153 3962 Belsia
1193 3904 1694 3973 commorantes,
1757 3905 1976 3963 essent
2016 3889 2312 3962 homines
2353 3905 2418 3962 et
2469 3890 2706 3963 semine
2743 3906 2962 3963 nostre
2992 3895 3065 3964 de

830 3995 1100 4096 corpore
1129 4018 1193 4075 et
1231 4001 1481 4074 servilis
1507 4002 1922 4092 conditionis,
1956 4018 2020 4076 et
2049 4006 2276 4077 eedem
2319 4027 2596 4096 persone
2632 4005 2820 4076 nobis
2862 4008 3067 4076 hnmi-

836 4119 981 4190 liter
1011 4118 1491 4211 supplicassent
1531 4133 1598 4188 ut
1650 4142 1774 4191 nos
1834 4118 2007 4211 ipsas
2061 4142 2372 4211 personas
2412 4132 2475 4191 et
2523 4142 2743 4191 earum
2785 4122 2952 4193 filios
3013 4135 3069 4191 et

832 4233 994 4305 filias
1034 4249 1099 4306 et
1136 4257 1364 4306 omnes
1401 4236 1676 4306 heredes
1716 4257 1881 4325 quos
1927 4238 2164 4307 habent
2204 4249 2269 4307 et
2329 4220 2614 4326 legitime
2673 4238 2752 4307 de
2806 4234 3068 4328 propriis

837 4351 1216 4446 corporibus
1254 4350 1678 4444 imposterum
1738 4366 2149 4445 procrearent
2203 4357 2283 4425 ab
2360 4356 2534 4425 omni
2569 4357 2722 4446 jugo
2753 4353 3066 4425 servitutis

832 4481 896 4539 et
925 4481 1195 4559 quatuor
1233 4465 1513 4538 denariis
1542 4466 1920 4558 capitalibus
1951 4469 2148 4538 annui
2188 4491 2426 4541 census
2453 4471 2549 4541 vel
2577 4467 2892 4552 redditus,
2923 4491 3063 4539 nec·

837 4605 965 4654 non
996 4596 1060 4654 et
1096 4580 1586 4673 sorismaritagio
1622 4584 1955 4655 absolvere
1994 4581 2427 4673 dignaremur,
2482 4607 2631 4667 nos,
2671 4587 3063 4655 attendentes

836 4697 1208 4769 multimoda
1259 4693 1788 4769 commoditatum
1847 4718 2079 4792 genera
2134 4710 2261 4770 tam
2303 4696 2542 4776 nostris
2599 4699 2970 4770 bominibus
3006 4710 3064 4769 et
