3485 5571
1762 644 2122 707 -172—

1899 1041 1998 1102 XC

1728 1339 1909 1419 [Vers
1941 1337 2117 1417 1176]
2148 1339 2164 1372 ¹

824 1617 1227 1673 Rtnonciation
1255 1616 1323 1672 de
1352 1617 1610 1689 Geoss'roy
1637 1618 1948 1672 Luminard
1984 1618 2017 1672 a
2044 1617 2094 1671 la
2125 1617 2322 1672 mairie
2369 1618 2438 1673 de
2483 1619 2602 1673 Bou
2649 1635 2719 1674 en
2764 1619 2959 1674 favour
2999 1617 3066 1671 de

1381 1714 1677 1786 Regnaud,
1707 1719 2042 1786 moyennant
2068 1715 2506 1786 compensation.

1282 1886 1456 1957 (Orig.
1482 1903 1528 1940 s,
1555 1887 1750 1957 purch.
1784 1886 1952 1942 Arch.
1998 1885 2075 1941 du
2103 1885 2311 1956 Loiret,
2344 1887 2410 1942 G.
2443 1886 2599 1957 376).

904 2126 1308 2217 M[anasses],
1349 2123 1467 2195 Dei
1532 2124 1731 2215 gratia
1789 2125 2268 2196 Aurelianensis
2323 2127 2699 2216 episcopm,
2761 2123 3064 2196 omnibus

817 2237 1113 2309 fidelibus
1169 2237 1278 2328 qui
1345 2236 1587 2308 litteras
1645 2249 1985 2328 presentes
2035 2236 2228 2309 visuri
2293 2241 2387 2309 vel
2451 2238 2723 2309 audituri
2779 2252 2956 2321 sunt,
3001 2237 3060 2307 in

816 2351 1091 2423 Domino
1131 2355 1429 2423 salutem.
1458 2351 1759 2422 Noverint
1801 2350 2079 2423 universi
2113 2365 2238 2423 tam
2272 2366 2607 2442 presentes
2647 2375 2837 2442 quam
2870 2352 3061 2421 futuri

817 2467 987 2555 quod
1032 2464 1416 2556 compositio
1456 2478 1520 2537 et
1553 2489 1665 2557 pax
1699 2469 1877 2537 firma
1911 2469 2076 2537 facta
2112 2464 2226 2535 tuit
2255 2466 2421 2536 inter
2447 2464 2811 2536 Gaufridum
2846 2465 3056 2535 Lumi-

819 2580 1084 2649 nardum
1138 2592 1202 2649 et
1261 2577 1662 2665 Reinaldum,
1707 2581 2014 2670 majorem
2055 2580 2134 2649 de
2174 2582 2384 2662 Rullo,
2426 2581 2491 2649 in
2534 2577 2852 2670 presentia
2911 2601 3063 2650 nos-

816 2705 939 2774 tra,
988 2708 1052 2763 et
1092 2715 1321 2764 uxores
1351 2716 1570 2763 eorum
1606 2699 1913 2784 Agnetem
1953 2707 2016 2763 et
2077 2692 2514 2784 Aremburgim
2567 2716 2762 2783 super
2798 2691 3061 2783 majoria

815 2810 896 2878 de
940 2810 1146 2889 Rullo,
1209 2808 1313 2878 tali
1355 2807 1605 2879 scilicet
1643 2807 1938 2899 pactione
2005 2824 2068 2879 et
2131 2807 2559 2880 conventione
2597 2807 3060 2880 interveniente

814 2922 983 3010 quod
1033 2921 1356 3013 predictus
1409 2922 1783 3002 Reinaldus,
1817 2921 2090 2994 consilio
2131 2936 2351 2994 nostro
2389 2938 2452 2993 et
2495 2923 2848 2994 amicorum
2907 2945 3062 2993 suo-

818 3059 981 3128 rum,
1024 3036 1281 3127 triginta
1326 3039 1522 3108 libras
1576 3035 1955 3108 parisiensis
1995 3050 2253 3108 monete
2292 3051 2618 3128 pretaxato
2657 3035 2952 3107 Gausrido
2985 3051 3051 3107 et

814 3150 990 3221 uxori
1033 3153 1173 3242 ejus
1212 3151 1436 3242 Agneti
1478 3149 1764 3235 donavit,
1806 3165 2037 3223 terram
2073 3151 2265 3223 etiam
2315 3155 2393 3223 Vl
2456 3165 2864 3243 arpentorum
2932 3173 3059 3240 que

812 3268 889 3334 ad
933 3263 1259 3356 majoriam
1299 3266 1601 3356 pertinet,
1659 3280 1789 3336 tres
1828 3289 2151 3357 arpennos
2192 3265 2514 3336 vinearum
2573 3267 2682 3355 qui
2740 3267 3058 3335 debebant

814 3377 1032 3470 maiori
1112 3394 1246 3450 tres
1307 3379 1498 3451 libras
1559 3403 1729 3463 cere,
1775 3382 1967 3452 modo
2030 3403 2178 3452 vero
2241 3395 2369 3451 tam
2409 3393 2575 3450 terra
2628 3401 2818 3470 quam
2876 3377 3057 3449 vinee

812 3492 1140 3564 annuatim
1215 3508 1347 3565 tres
1412 3495 1655 3566 solidos
1694 3498 2034 3566 censuales
2097 3494 2159 3564 in
2224 3498 2391 3565 sesto
2449 3508 2671 3565 sancte
2718 3491 2935 3564 Crucis
2988 3489 3053 3561 in

812 3607 979 3679 maio
1022 3611 1506 3700 persolvendos,
1563 3607 1874 3700 jamdicto
1934 3608 2232 3681 Gautrido
2272 3622 2336 3679 et
2386 3606 2562 3679 uxori
2626 3630 2741 3678 sue
2801 3605 3056 3698 quietos

811 3721 1129 3794 clamavit.
1177 3724 1513 3793 Gausridus
1546 3746 1693 3795 vero
1733 3722 2060 3815 majoriam
2095 3726 2159 3793 in
2203 3723 2516 3813 presentia
2555 3736 2769 3792 nostra
2803 3719 3055 3812 publice

811 3835 1145 3928 abjuravit,
1187 3851 1397 3907 ettam
1433 3837 1570 3928 ipse
1600 3860 1794 3928 quam
1835 3860 1990 3908 uxor
2018 3840 2156 3927 ejus
2195 3838 2465 3908 eandem
2522 3834 2853 3926 majoriam
2879 3848 2944 3905 et
2978 3854 3055 3904 ea

814 3973 937 4041 que
976 3952 1055 4020 ad
1120 3950 1446 4040 majoriam
1499 3950 1820 4042 pertinent
1879 3952 2207 4042 sepedicto
2253 3953 2559 4022 Reinaldo
2607 3962 2671 4020 et
2712 3948 3055 4020 heredibus

814 4064 949 4136 suis
982 4065 1177 4136 libere
1212 4080 1277 4136 et
1321 4065 1534 4156 quiete
1573 4066 1634 4135 in
1679 4080 2056 4157 perpetuum
2101 4064 2488 4157 possidenda
2546 4061 2759 4154 quieta
2813 4066 3055 4134 clama-

815 4192 1063 4250 verunt.
1100 4185 1309 4270 Agnes
1339 4203 1511 4263 vero,
1545 4204 1700 4253 uxor
1734 4179 2038 4263 Gausridi,
2071 4179 2430 4272 pactionem
2469 4193 2535 4250 et
2558 4176 3051 4249 conventionem

884 4496 901 4528 ¹
928 4494 1009 4547 En
1035 4492 1196 4563 1176,
1230 4491 1520 4563 Regnaud‚
1551 4493 1669 4548 serf
1691 4492 1762 4547 de
1791 4492 2171 4547 Sainte-Croix
2202 4498 2256 4548 et
2281 4494 2349 4549 de
2385 4495 2631 4567 l’emque
2660 4496 2689 4550 ὁ
2735 4498 2868 4557 Bou.
2899 4501 3058 4562 recut

810 4582 879 4637 de
912 4582 1164 4638 Manasse
1200 4581 1251 4635 la
1276 4582 1474 4636 mairie
1503 4582 1573 4636 de
1617 4582 1756 4636 Bou.
1807 4581 1997 4649 (Arch.
2050 4580 2125 4634 du
2172 4582 2375 4643 Loiret,
2416 4584 2481 4638 G.
2533 4583 2657 4653 164,
2702 4601 2756 4655 p.
2788 4583 2934 4651 386).
2984 4584 3059 4639 Cc

813 4671 987 4726 maire
1016 4671 1147 4727 etait
1174 4678 1323 4726 mort
1349 4678 1512 4727 avant
1540 4671 1843 4728 novembre
1874 4669 2033 4727 1190.
2070 4672 2193 4738 (Ch.
2227 4670 2415 4742 CVII).
