<?xml version="1.0" encoding="UTF-8"?>
<!DOCTYPE html PUBLIC "-//W3C//DTD XHTML 1.0 Transitional//EN"
    "http://www.w3.org/TR/xhtml1/DTD/xhtml1-transitional.dtd">
<html xmlns="http://www.w3.org/1999/xhtml" xml:lang="en" lang="en">
 <head>
  <title>
</title>
<meta http-equiv="Content-Type" content="text/html;charset=utf-8" />
  <meta name='ocr-system' content='tesseract 3.04.00' />
  <meta name='ocr-capabilities' content='ocr_page ocr_carea ocr_par ocr_line ocrx_word'/>
</head>
<body>
  <div class='ocr_page' id='page_1' title='image "./cartulairedesai00thilgoog_0680.png"; bbox 0 0 3485 5571; ppageno 0'>
   <div class='ocr_carea' id='block_1_1' title="bbox 808 620 3087 4152">
    <p class='ocr_par' dir='ltr' id='par_1_1' title="bbox 808 620 3087 4152">
     <span class='ocr_line' id='line_1_1' title="bbox 1753 620 2115 686; baseline 0.008 -3"><span class='ocrx_word' id='word_1_1' title='bbox 1753 652 1829 667; x_wconf 89' lang='lat'>-</span> <span class='ocrx_word' id='word_1_2' title='bbox 1876 620 1996 686; x_wconf 88' lang='grc'><strong>498</strong></span> <span class='ocrx_word' id='word_1_3' title='bbox 2044 658 2115 668; x_wconf 89' lang='grc'><strong>-</strong></span> 
     </span>
     <span class='ocr_line' id='line_1_2' title="bbox 808 740 3072 843; baseline 0 -22"><span class='ocrx_word' id='word_1_4' title='bbox 808 771 989 841; x_wconf 78' lang='lat' dir='ltr'><strong>soye,</strong></span> <span class='ocrx_word' id='word_1_5' title='bbox 1030 740 1400 837; x_wconf 72' lang='lat' dir='ltr'><strong>(lesquelles</strong></span> <span class='ocrx_word' id='word_1_6' title='bbox 1444 748 1664 835; x_wconf 81' lang='lat' dir='ltr'><strong>lettres</strong></span> <span class='ocrx_word' id='word_1_7' title='bbox 1729 761 1795 819; x_wconf 91' lang='lat' dir='ltr'><strong>et</strong></span> <span class='ocrx_word' id='word_1_8' title='bbox 1846 750 1926 818; x_wconf 89' lang='lat' dir='ltr'><strong>de</strong></span> <span class='ocrx_word' id='word_1_9' title='bbox 1965 749 2531 839; x_wconf 76' lang='lat' dir='ltr'><strong>l’amortissernent</strong></span> <span class='ocrx_word' id='word_1_10' title='bbox 2589 751 2678 839; x_wconf 76' lang='lat' dir='ltr'><strong>du</strong></span> <span class='ocrx_word' id='word_1_11' title='bbox 2728 772 2847 843; x_wconf 80' lang='lat' dir='ltr'><strong>roy</strong></span> <span class='ocrx_word' id='word_1_12' title='bbox 2911 748 3072 834; x_wconf 78' lang='lat' dir='ltr'><strong>ledit</strong></span> 
     </span>
     <span class='ocr_line' id='line_1_3' title="bbox 814 859 3072 957; baseline -0 -23"><span class='ocrx_word' id='word_1_13' title='bbox 814 884 1187 956; x_wconf 83' lang='lat' dir='ltr'><strong>procureur,</strong></span> <span class='ocrx_word' id='word_1_14' title='bbox 1222 883 1302 933; x_wconf 93' lang='lat' dir='ltr'><strong>en</strong></span> <span class='ocrx_word' id='word_1_15' title='bbox 1350 883 1501 951; x_wconf 82' lang='lat' dir='ltr'><strong>norn</strong></span> <span class='ocrx_word' id='word_1_16' title='bbox 1541 859 1790 933; x_wconf 87' lang='lat' dir='ltr'><strong>desdits</strong></span> <span class='ocrx_word' id='word_1_17' title='bbox 1828 863 2036 953; x_wconf 76' lang='lat' dir='ltr'><strong>(loyen</strong></span> <span class='ocrx_word' id='word_1_18' title='bbox 2077 876 2145 933; x_wconf 90' lang='lat' dir='ltr'><strong>et</strong></span> <span class='ocrx_word' id='word_1_19' title='bbox 2181 861 2495 954; x_wconf 83' lang='lat' dir='ltr'><strong>chapitre‚</strong></span> <span class='ocrx_word' id='word_1_20' title='bbox 2546 885 2618 945; x_wconf 87' lang='lat' dir='ltr'><strong>se</strong></span> <span class='ocrx_word' id='word_1_21' title='bbox 2673 864 3009 951; x_wconf 84' lang='lat' dir='ltr'><strong>tiendrent</strong></span> <span class='ocrx_word' id='word_1_22' title='bbox 3036 886 3072 957; x_wconf 62' lang='lat' dir='ltr'><strong>e</strong></span> 
     </span>
     <span class='ocr_line' id='line_1_4' title="bbox 813 974 3075 1071; baseline 0 -24"><span class='ocrx_word' id='word_1_23' title='bbox 813 980 994 1070; x_wconf 79' lang='lat' dir='ltr'><strong>paye.</strong></span> <span class='ocrx_word' id='word_1_24' title='bbox 1035 979 1109 1047; x_wconf 86' lang='lat' dir='ltr'><strong>Et</strong></span> <span class='ocrx_word' id='word_1_25' title='bbox 1182 974 1379 1046; x_wconf 87' lang='lat' dir='ltr'><strong>disoit</strong></span> <span class='ocrx_word' id='word_1_26' title='bbox 1420 988 1486 1046; x_wconf 91' lang='lat' dir='ltr'><strong>et</strong></span> <span class='ocrx_word' id='word_1_27' title='bbox 1529 974 1845 1046; x_wconf 82' lang='lat' dir='ltr'><strong>affermoit</strong></span> <span class='ocrx_word' id='word_1_28' title='bbox 1885 974 2040 1047; x_wconf 90' lang='lat' dir='ltr'><strong>ledit</strong></span> <span class='ocrx_word' id='word_1_29' title='bbox 2097 975 2443 1049; x_wconf 82' lang='lat' dir='ltr'><strong>chevallier</strong></span> <span class='ocrx_word' id='word_1_30' title='bbox 2493 979 2842 1071; x_wconf 57' lang='lat' dir='ltr'><strong>par-devant</strong></span> <span class='ocrx_word' id='word_1_31' title='bbox 2908 999 3075 1069; x_wconf 83' lang='lat' dir='ltr'><strong>nous</strong></span> 
     </span>
     <span class='ocr_line' id='line_1_5' title="bbox 811 1078 3077 1183; baseline -0 -22"><span class='ocrx_word' id='word_1_32' title='bbox 811 1114 939 1183; x_wconf 90' lang='lat' dir='ltr'><strong>que</strong></span> <span class='ocrx_word' id='word_1_33' title='bbox 972 1089 1200 1162; x_wconf 87' lang='lat' dir='ltr'><strong>lesdits</strong></span> <span class='ocrx_word' id='word_1_34' title='bbox 1268 1088 1524 1181; x_wconf 82' lang='lat' dir='ltr'><strong>peaiges</strong></span> <span class='ocrx_word' id='word_1_35' title='bbox 1577 1086 1858 1161; x_wconf 82' lang='lat' dir='ltr'><strong>valoient</strong></span> <span class='ocrx_word' id='word_1_36' title='bbox 1918 1078 2168 1179; x_wconf 78' lang='lat' dir='ltr'>chacun</span> <span class='ocrx_word' id='word_1_37' title='bbox 2234 1113 2315 1161; x_wconf 86' lang='lat' dir='ltr'><strong>an</strong></span> <span class='ocrx_word' id='word_1_38' title='bbox 2377 1078 2600 1182; x_wconf 83' lang='lat' dir='ltr'><strong>quatre</strong></span> <span class='ocrx_word' id='word_1_39' title='bbox 2649 1090 2831 1183; x_wconf 81' lang='lat' dir='ltr'><strong>vingt</strong></span> <span class='ocrx_word' id='word_1_40' title='bbox 2884 1091 3077 1183; x_wconf 58' lang='lat' dir='ltr'><strong>liyres</strong></span> 
     </span>
     <span class='ocr_line' id='line_1_6' title="bbox 814 1200 3078 1301; baseline 0.001 -27"><span class='ocrx_word' id='word_1_41' title='bbox 814 1202 1104 1277; x_wconf 74' lang='lat' dir='ltr'><strong>tout-nois</strong></span> <span class='ocrx_word' id='word_1_42' title='bbox 1146 1201 1339 1295; x_wconf 88' lang='lat' dir='ltr'><strong>petits</strong></span> <span class='ocrx_word' id='word_1_43' title='bbox 1372 1204 1453 1273; x_wconf 88' lang='lat' dir='ltr'><strong>de</strong></span> <span class='ocrx_word' id='word_1_44' title='bbox 1492 1200 1727 1297; x_wconf 80' lang='lat' dir='ltr'><strong>droitte</strong></span> <span class='ocrx_word' id='word_1_45' title='bbox 1787 1216 1993 1287; x_wconf 89' lang='lat' dir='ltr'><strong>rente,</strong></span> <span class='ocrx_word' id='word_1_46' title='bbox 2038 1227 2201 1299; x_wconf 78' lang='lat' dir='ltr'><strong>pour</strong></span> <span class='ocrx_word' id='word_1_47' title='bbox 2252 1207 2311 1277; x_wconf 88' lang='lat' dir='ltr'><strong>le</strong></span> <span class='ocrx_word' id='word_1_48' title='bbox 2350 1203 2484 1298; x_wconf 79' lang='lat' dir='ltr'><strong>prix</strong></span> <span class='ocrx_word' id='word_1_49' title='bbox 2554 1207 2633 1301; x_wconf 78' lang='lat' dir='ltr'><strong>(le</strong></span> <span class='ocrx_word' id='word_1_50' title='bbox 2694 1203 2870 1301; x_wconf 80' lang='lat' dir='ltr'><strong>seize</strong></span> <span class='ocrx_word' id='word_1_51' title='bbox 2920 1227 3078 1297; x_wconf 79' lang='lat' dir='ltr'><strong>cens</strong></span> 
     </span>
     <span class='ocr_line' id='line_1_7' title="bbox 813 1313 3082 1415; baseline 0 -27"><span class='ocrx_word' id='word_1_52' title='bbox 813 1316 1003 1390; x_wconf 84' lang='lat' dir='ltr'><strong>livres</strong></span> <span class='ocrx_word' id='word_1_53' title='bbox 1044 1316 1334 1388; x_wconf 88' lang='lat' dir='ltr'><strong>tournois</strong></span> <span class='ocrx_word' id='word_1_54' title='bbox 1373 1313 1593 1408; x_wconf 74' lang='lat' dir='ltr'><strong>petitS,</strong></span> <span class='ocrx_word' id='word_1_55' title='bbox 1634 1317 1796 1407; x_wconf 77' lang='lat' dir='ltr'><strong>c&#39;est</strong></span> <span class='ocrx_word' id='word_1_56' title='bbox 1848 1340 1884 1388; x_wconf 81' lang='lat' dir='ltr'>a</span> <span class='ocrx_word' id='word_1_57' title='bbox 1923 1315 2172 1403; x_wconf 80' lang='lat' dir='ltr'><strong>scavoir</strong></span> <span class='ocrx_word' id='word_1_58' title='bbox 2224 1341 2384 1412; x_wconf 81' lang='lat' dir='ltr'><strong>pour</strong></span> <span class='ocrx_word' id='word_1_59' title='bbox 2420 1321 2707 1415; x_wconf 61' lang='lat' dir='ltr'><strong>chescun</strong></span> <span class='ocrx_word' id='word_1_60' title='bbox 2746 1332 2908 1391; x_wconf 89' lang='lat' dir='ltr'><strong>cent</strong></span> <span class='ocrx_word' id='word_1_61' title='bbox 2950 1321 3082 1391; x_wconf 86' lang='lat' dir='ltr'><strong>solz</strong></span> 
     </span>
     <span class='ocr_line' id='line_1_8' title="bbox 814 1428 3082 1529; baseline 0.001 -28"><span class='ocrx_word' id='word_1_62' title='bbox 814 1428 1103 1503; x_wconf 87' lang='lat' dir='ltr'><strong>tournois</strong></span> <span class='ocrx_word' id='word_1_63' title='bbox 1134 1429 1294 1522; x_wconf 91' lang='lat' dir='ltr'><strong>petit</strong></span> <span class='ocrx_word' id='word_1_64' title='bbox 1330 1431 1411 1502; x_wconf 88' lang='lat' dir='ltr'><strong>de</strong></span> <span class='ocrx_word' id='word_1_65' title='bbox 1444 1444 1630 1503; x_wconf 90' lang='lat' dir='ltr'><strong>rente</strong></span> <span class='ocrx_word' id='word_1_66' title='bbox 1660 1444 1812 1502; x_wconf 88' lang='lat' dir='ltr'><strong>cent</strong></span> <span class='ocrx_word' id='word_1_67' title='bbox 1835 1428 2026 1503; x_wconf 89' lang='lat' dir='ltr'><strong>livres</strong></span> <span class='ocrx_word' id='word_1_68' title='bbox 2060 1434 2141 1503; x_wconf 90' lang='lat' dir='ltr'><strong>de</strong></span> <span class='ocrx_word' id='word_1_69' title='bbox 2177 1434 2468 1503; x_wconf 90' lang='lat' dir='ltr'><strong>tournois</strong></span> <span class='ocrx_word' id='word_1_70' title='bbox 2504 1432 2724 1529; x_wconf 87' lang='lat' dir='ltr'><strong>petits,</strong></span> <span class='ocrx_word' id='word_1_71' title='bbox 2785 1447 2852 1505; x_wconf 94' lang='lat' dir='ltr'><strong>et</strong></span> <span class='ocrx_word' id='word_1_72' title='bbox 2907 1432 3082 1525; x_wconf 81' lang='lat' dir='ltr'><strong>vingt</strong></span> 
     </span>
     <span class='ocr_line' id='line_1_9' title="bbox 815 1544 3084 1639; baseline -0.001 -21"><span class='ocrx_word' id='word_1_73' title='bbox 815 1545 1001 1638; x_wconf 88' lang='lat' dir='ltr'><strong>cincq</strong></span> <span class='ocrx_word' id='word_1_74' title='bbox 1033 1545 1220 1616; x_wconf 88' lang='lat' dir='ltr'><strong>livres</strong></span> <span class='ocrx_word' id='word_1_75' title='bbox 1259 1545 1548 1616; x_wconf 85' lang='lat' dir='ltr'><strong>tournois</strong></span> <span class='ocrx_word' id='word_1_76' title='bbox 1588 1544 1750 1636; x_wconf 89' lang='lat' dir='ltr'><strong>petit</strong></span> <span class='ocrx_word' id='word_1_77' title='bbox 1787 1560 1971 1617; x_wconf 87' lang='lat' dir='ltr'><strong>outre</strong></span> <span class='ocrx_word' id='word_1_78' title='bbox 2023 1548 2082 1617; x_wconf 83' lang='lat' dir='ltr'><strong>la</strong></span> <span class='ocrx_word' id='word_1_79' title='bbox 2137 1568 2387 1618; x_wconf 90' lang='lat' dir='ltr'><strong>somme</strong></span> <span class='ocrx_word' id='word_1_80' title='bbox 2426 1548 2658 1618; x_wconf 86' lang='lat' dir='ltr'><strong>dessus</strong></span> <span class='ocrx_word' id='word_1_81' title='bbox 2715 1546 2849 1618; x_wconf 88' lang='lat' dir='ltr'><strong>dite</strong></span> <span class='ocrx_word' id='word_1_82' title='bbox 2923 1570 3084 1639; x_wconf 89' lang='lat' dir='ltr'><strong>pour</strong></span> 
     </span>
     <span class='ocr_line' id='line_1_10' title="bbox 813 1660 3084 1759; baseline -0.001 -28"><span class='ocrx_word' id='word_1_83' title='bbox 813 1663 1004 1732; x_wconf 86' lang='lat' dir='ltr'><strong>noble</strong></span> <span class='ocrx_word' id='word_1_84' title='bbox 1043 1662 1229 1731; x_wconf 76' lang='lat' dir='ltr'><strong>dame</strong></span> <span class='ocrx_word' id='word_1_85' title='bbox 1264 1662 1507 1753; x_wconf 75' lang='lat' dir='ltr'><strong>Jeanne</strong></span> <span class='ocrx_word' id='word_1_86' title='bbox 1532 1682 1603 1730; x_wconf 84' lang='lat' dir='ltr'><strong>sa</strong></span> <span class='ocrx_word' id='word_1_87' title='bbox 1640 1661 1920 1731; x_wconf 86' lang='lat' dir='ltr'><strong>femme¹</strong></span> <span class='ocrx_word' id='word_1_88' title='bbox 1949 1714 1967 1743; x_wconf 87' lang='lat'>,</span> <span class='ocrx_word' id='word_1_89' title='bbox 2013 1662 2317 1759; x_wconf 76' lang='lat' dir='ltr'><strong>desquels</strong></span> <span class='ocrx_word' id='word_1_90' title='bbox 2362 1660 2533 1755; x_wconf 83' lang='lat' dir='ltr'><strong>seize</strong></span> <span class='ocrx_word' id='word_1_91' title='bbox 2579 1684 2738 1733; x_wconf 91' lang='lat' dir='ltr'><strong>cens</strong></span> <span class='ocrx_word' id='word_1_92' title='bbox 2774 1663 2983 1753; x_wconf 78' lang='lat' dir='ltr'><strong>livres</strong></span> <span class='ocrx_word' id='word_1_93' title='bbox 3021 1673 3084 1734; x_wconf 89' lang='lat' dir='ltr'><strong>et</strong></span> 
     </span>
     <span class='ocr_line' id='line_1_11' title="bbox 817 1771 3083 1867; baseline 0.002 -23"><span class='ocrx_word' id='word_1_94' title='bbox 817 1773 992 1864; x_wconf 82' lang='lat' dir='ltr'>vingt</span> <span class='ocrx_word' id='word_1_95' title='bbox 1031 1774 1181 1864; x_wconf 86' lang='lat' dir='ltr'><strong>cinq</strong></span> <span class='ocrx_word' id='word_1_96' title='bbox 1220 1771 1412 1845; x_wconf 88' lang='lat' dir='ltr'><strong>livres</strong></span> <span class='ocrx_word' id='word_1_97' title='bbox 1436 1774 1517 1845; x_wconf 90' lang='lat' dir='ltr'><strong>de</strong></span> <span class='ocrx_word' id='word_1_98' title='bbox 1544 1772 1836 1845; x_wconf 87' lang='lat' dir='ltr'><strong>tournois</strong></span> <span class='ocrx_word' id='word_1_99' title='bbox 1861 1775 2094 1845; x_wconf 88' lang='lat' dir='ltr'><strong>dessus</strong></span> <span class='ocrx_word' id='word_1_100' title='bbox 2118 1773 2246 1846; x_wconf 87' lang='lat' dir='ltr'><strong>dits</strong></span> <span class='ocrx_word' id='word_1_101' title='bbox 2270 1776 2430 1847; x_wconf 87' lang='lat' dir='ltr'><strong>ledit</strong></span> <span class='ocrx_word' id='word_1_102' title='bbox 2455 1774 2800 1848; x_wconf 83' lang='lat' dir='ltr'><strong>chevallier</strong></span> <span class='ocrx_word' id='word_1_103' title='bbox 2826 1798 2908 1848; x_wconf 89' lang='lat' dir='ltr'><strong>se</strong></span> <span class='ocrx_word' id='word_1_104' title='bbox 2927 1777 3083 1867; x_wconf 79' lang='lat' dir='ltr'><strong>tieut</strong></span> 
     </span>
     <span class='ocr_line' id='line_1_12' title="bbox 817 1884 3083 1981; baseline 0.001 -25"><span class='ocrx_word' id='word_1_105' title='bbox 817 1884 1249 1958; x_wconf 87' lang='lat' dir='ltr'><strong>entierement</strong></span> <span class='ocrx_word' id='word_1_106' title='bbox 1283 1910 1316 1957; x_wconf 83' lang='lat' dir='ltr'>a</span> <span class='ocrx_word' id='word_1_107' title='bbox 1344 1890 1503 1981; x_wconf 78' lang='lat' dir='ltr'><strong>paye</strong></span> <span class='ocrx_word' id='word_1_108' title='bbox 1543 1889 1891 1979; x_wconf 80' lang='lat' dir='ltr'><strong>pardevant</strong></span> <span class='ocrx_word' id='word_1_109' title='bbox 1929 1911 2095 1959; x_wconf 92' lang='lat' dir='ltr'><strong>nous</strong></span> <span class='ocrx_word' id='word_1_110' title='bbox 2133 1901 2199 1959; x_wconf 92' lang='lat' dir='ltr'><strong>et</strong></span> <span class='ocrx_word' id='word_1_111' title='bbox 2226 1892 2522 1981; x_wconf 67' lang='lat' dir='ltr'><strong>confesse</strong></span> <span class='ocrx_word' id='word_1_112' title='bbox 2559 1913 2686 1981; x_wconf 92' lang='lat' dir='ltr'><strong>que</strong></span> <span class='ocrx_word' id='word_1_113' title='bbox 2704 1889 2748 1960; x_wconf 89' lang='lat' dir='ltr'><strong>il</strong></span> <span class='ocrx_word' id='word_1_114' title='bbox 2785 1892 2890 1962; x_wconf 85' lang='lat' dir='ltr'><strong>les</strong></span> <span class='ocrx_word' id='word_1_115' title='bbox 2915 1888 3083 1962; x_wconf 81' lang='lat' dir='ltr'><strong>avoit</strong></span> 
     </span>
     <span class='ocr_line' id='line_1_13' title="bbox 817 2001 3085 2096; baseline 0.003 -26"><span class='ocrx_word' id='word_1_116' title='bbox 817 2021 974 2072; x_wconf 90' lang='lat' dir='ltr'><strong>eues</strong></span> <span class='ocrx_word' id='word_1_117' title='bbox 1009 2015 1073 2072; x_wconf 90' lang='lat' dir='ltr'><strong>et</strong></span> <span class='ocrx_word' id='word_1_118' title='bbox 1105 2022 1332 2071; x_wconf 88' lang='lat' dir='ltr'><strong>receus</strong></span> <span class='ocrx_word' id='word_1_119' title='bbox 1372 2022 1452 2072; x_wconf 93' lang='lat' dir='ltr'><strong>en</strong></span> <span class='ocrx_word' id='word_1_120' title='bbox 1479 2002 1644 2072; x_wconf 89' lang='lat' dir='ltr'><strong>bons</strong></span> <span class='ocrx_word' id='word_1_121' title='bbox 1673 2001 1933 2073; x_wconf 88' lang='lat' dir='ltr'><strong>deniers</strong></span> <span class='ocrx_word' id='word_1_122' title='bbox 1962 2005 2294 2085; x_wconf 73' lang='lat' dir='ltr'><strong>nomm-ez,</strong></span> <span class='ocrx_word' id='word_1_123' title='bbox 2329 2016 2395 2074; x_wconf 90' lang='lat' dir='ltr'><strong>et</strong></span> <span class='ocrx_word' id='word_1_124' title='bbox 2418 2024 2700 2076; x_wconf 83' lang='lat' dir='ltr'><strong>renonce</strong></span> <span class='ocrx_word' id='word_1_125' title='bbox 2720 2007 3085 2096; x_wconf 82' lang='lat' dir='ltr'><strong>pardevant</strong></span> 
     </span>
     <span class='ocr_line' id='line_1_14' title="bbox 820 2115 3083 2211; baseline 0.002 -27"><span class='ocrx_word' id='word_1_126' title='bbox 820 2137 985 2186; x_wconf 92' lang='lat' dir='ltr'><strong>nous</strong></span> <span class='ocrx_word' id='word_1_127' title='bbox 1034 2129 1234 2207; x_wconf 83' lang='lat' dir='ltr'>quant</span> <span class='ocrx_word' id='word_1_128' title='bbox 1292 2138 1328 2186; x_wconf 82' lang='lat' dir='ltr'><strong>a</strong></span> <span class='ocrx_word' id='word_1_129' title='bbox 1371 2137 1447 2187; x_wconf 89' lang='lat' dir='ltr'><strong>ce</strong></span> <span class='ocrx_word' id='word_1_130' title='bbox 1508 2138 1541 2185; x_wconf 85' lang='lat' dir='ltr'>a</span> <span class='ocrx_word' id='word_1_131' title='bbox 1602 2115 1938 2208; x_wconf 81' lang='lat' dir='ltr'><strong>exception</strong></span> <span class='ocrx_word' id='word_1_132' title='bbox 2007 2120 2088 2188; x_wconf 88' lang='lat' dir='ltr'><strong>de</strong></span> <span class='ocrx_word' id='word_1_133' title='bbox 2153 2139 2404 2211; x_wconf 88' lang='lat' dir='ltr'><strong>pecune</strong></span> <span class='ocrx_word' id='word_1_134' title='bbox 2461 2140 2591 2188; x_wconf 92' lang='lat' dir='ltr'><strong>non</strong></span> <span class='ocrx_word' id='word_1_135' title='bbox 2648 2141 2887 2211; x_wconf 79' lang='lat' dir='ltr'><strong>receue</strong></span> <span class='ocrx_word' id='word_1_136' title='bbox 2955 2141 3083 2190; x_wconf 93' lang='lat' dir='ltr'><strong>non</strong></span> 
     </span>
     <span class='ocr_line' id='line_1_15' title="bbox 821 2227 3083 2329; baseline 0.003 -32"><span class='ocrx_word' id='word_1_137' title='bbox 821 2230 1156 2313; x_wconf 77' lang='lat' dir='ltr'><strong>nombree,</strong></span> <span class='ocrx_word' id='word_1_138' title='bbox 1198 2241 1263 2300; x_wconf 90' lang='lat' dir='ltr'><strong>et</strong></span> <span class='ocrx_word' id='word_1_139' title='bbox 1298 2241 1662 2325; x_wconf 74' lang='lat' dir='ltr'><strong>transpone</strong></span> <span class='ocrx_word' id='word_1_140' title='bbox 1690 2227 1940 2300; x_wconf 82' lang='lat' dir='ltr'><strong>ausdits</strong></span> <span class='ocrx_word' id='word_1_141' title='bbox 1981 2230 2189 2320; x_wconf 85' lang='lat' dir='ltr'><strong>doyen</strong></span> <span class='ocrx_word' id='word_1_142' title='bbox 2230 2244 2294 2301; x_wconf 86' lang='lat' dir='ltr'><strong>et</strong></span> <span class='ocrx_word' id='word_1_143' title='bbox 2318 2229 2603 2329; x_wconf 81' lang='lat' dir='ltr'><strong>chapitre</strong></span> <span class='ocrx_word' id='word_1_144' title='bbox 2629 2246 2767 2303; x_wconf 88' lang='lat' dir='ltr'><strong>tout</strong></span> <span class='ocrx_word' id='word_1_145' title='bbox 2797 2235 2858 2305; x_wconf 88' lang='lat' dir='ltr'><strong>le</strong></span> <span class='ocrx_word' id='word_1_146' title='bbox 2882 2232 3083 2315; x_wconf 81' lang='lat' dir='ltr'><strong>droit,</strong></span> 
     </span>
     <span class='ocr_line' id='line_1_16' title="bbox 820 2340 3087 2439; baseline 0.002 -27"><span class='ocrx_word' id='word_1_147' title='bbox 820 2354 1027 2413; x_wconf 89' lang='lat' dir='ltr'><strong>toutte</strong></span> <span class='ocrx_word' id='word_1_148' title='bbox 1067 2344 1123 2411; x_wconf 83' lang='lat' dir='ltr'><strong>la</strong></span> <span class='ocrx_word' id='word_1_149' title='bbox 1165 2340 1555 2434; x_wconf 85' lang='lat' dir='ltr'><strong>seigneurie,</strong></span> <span class='ocrx_word' id='word_1_150' title='bbox 1591 2341 1829 2414; x_wconf 82' lang='lat' dir='ltr'><strong>saisine</strong></span> <span class='ocrx_word' id='word_1_151' title='bbox 1869 2356 1935 2413; x_wconf 91' lang='lat' dir='ltr'><strong>et</strong></span> <span class='ocrx_word' id='word_1_152' title='bbox 1970 2341 2295 2435; x_wconf 76' lang='lat' dir='ltr'><strong>propriete</strong></span> <span class='ocrx_word' id='word_1_153' title='bbox 2333 2343 2484 2436; x_wconf 88' lang='lat' dir='ltr'><strong>qu&#39;il</strong></span> <span class='ocrx_word' id='word_1_154' title='bbox 2515 2343 2686 2417; x_wconf 81' lang='lat' dir='ltr'><strong>avoit</strong></span> <span class='ocrx_word' id='word_1_155' title='bbox 2722 2359 2790 2437; x_wconf 86' lang='lat' dir='ltr'><strong>et</strong></span> <span class='ocrx_word' id='word_1_156' title='bbox 2817 2348 3087 2439; x_wconf 84' lang='lat' dir='ltr'><strong>pouvoit</strong></span> 
     </span>
     <span class='ocr_line' id='line_1_17' title="bbox 822 2454 3084 2549; baseline 0.002 -21"><span class='ocrx_word' id='word_1_157' title='bbox 822 2455 998 2528; x_wconf 83' lang='lat' dir='ltr'><strong>avoir</strong></span> <span class='ocrx_word' id='word_1_158' title='bbox 1046 2454 1250 2528; x_wconf 87' lang='lat' dir='ltr'><strong>esdits</strong></span> <span class='ocrx_word' id='word_1_159' title='bbox 1291 2455 1554 2549; x_wconf 75' lang='lat' dir='ltr'><strong>peaiges</strong></span> <span class='ocrx_word' id='word_1_160' title='bbox 1588 2470 1653 2528; x_wconf 87' lang='lat' dir='ltr'><strong>et</strong></span> <span class='ocrx_word' id='word_1_161' title='bbox 1690 2479 1764 2528; x_wconf 89' lang='lat' dir='ltr'><strong>es</strong></span> <span class='ocrx_word' id='word_1_162' title='bbox 1812 2470 2249 2529; x_wconf 77' lang='lat' dir='ltr'><strong>contenances</strong></span> <span class='ocrx_word' id='word_1_163' title='bbox 2289 2457 2573 2530; x_wconf 88' lang='lat' dir='ltr'><strong>d’icelles</strong></span> <span class='ocrx_word' id='word_1_164' title='bbox 2611 2474 2678 2531; x_wconf 88' lang='lat' dir='ltr'><strong>et</strong></span> <span class='ocrx_word' id='word_1_165' title='bbox 2715 2475 2968 2533; x_wconf 87' lang='lat' dir='ltr'><strong>touttes</strong></span> <span class='ocrx_word' id='word_1_166' title='bbox 2993 2465 3084 2532; x_wconf 88' lang='lat' dir='ltr'><strong>les</strong></span> 
     </span>
     <span class='ocr_line' id='line_1_18' title="bbox 823 2568 3082 2662; baseline 0.001 -19"><span class='ocrx_word' id='word_1_167' title='bbox 823 2569 1210 2662; x_wconf 82' lang='lat' dir='ltr'><strong>obligations</strong></span> <span class='ocrx_word' id='word_1_168' title='bbox 1239 2586 1304 2642; x_wconf 90' lang='lat' dir='ltr'><strong>et</strong></span> <span class='ocrx_word' id='word_1_169' title='bbox 1344 2568 1598 2642; x_wconf 83' lang='lat' dir='ltr'><strong>actions</strong></span> <span class='ocrx_word' id='word_1_170' title='bbox 1622 2591 1749 2662; x_wconf 91' lang='lat' dir='ltr'><strong>que</strong></span> <span class='ocrx_word' id='word_1_171' title='bbox 1765 2569 1807 2640; x_wconf 91' lang='lat' dir='ltr'><strong>il</strong></span> <span class='ocrx_word' id='word_1_172' title='bbox 1837 2570 2096 2662; x_wconf 89' lang='lat' dir='ltr'><strong>pouvoit</strong></span> <span class='ocrx_word' id='word_1_173' title='bbox 2123 2572 2301 2642; x_wconf 82' lang='lat' dir='ltr'><strong>avoir</strong></span> <span class='ocrx_word' id='word_1_174' title='bbox 2320 2594 2392 2643; x_wconf 88' lang='lat' dir='ltr'><strong>es</strong></span> <span class='ocrx_word' id='word_1_175' title='bbox 2418 2575 2653 2645; x_wconf 85' lang='lat' dir='ltr'><strong>choses</strong></span> <span class='ocrx_word' id='word_1_176' title='bbox 2675 2574 3082 2646; x_wconf 87' lang='lat' dir='ltr'><strong>dessusdites</strong></span> 
     </span>
     <span class='ocr_line' id='line_1_19' title="bbox 824 2682 3082 2777; baseline 0.001 -21"><span class='ocrx_word' id='word_1_177' title='bbox 824 2698 890 2756; x_wconf 91' lang='lat' dir='ltr'><strong>et</strong></span> <span class='ocrx_word' id='word_1_178' title='bbox 927 2708 1092 2777; x_wconf 88' lang='lat' dir='ltr'><strong>pour</strong></span> <span class='ocrx_word' id='word_1_179' title='bbox 1129 2683 1342 2755; x_wconf 82' lang='lat' dir='ltr'><strong>raison</strong></span> <span class='ocrx_word' id='word_1_180' title='bbox 1399 2682 1711 2770; x_wconf 82' lang='lat' dir='ltr'><strong>d&#39;icelles,</strong></span> <span class='ocrx_word' id='word_1_181' title='bbox 1774 2699 1839 2756; x_wconf 89' lang='lat' dir='ltr'><strong>et</strong></span> <span class='ocrx_word' id='word_1_182' title='bbox 1877 2707 1949 2756; x_wconf 88' lang='lat' dir='ltr'><strong>se</strong></span> <span class='ocrx_word' id='word_1_183' title='bbox 1987 2684 2289 2757; x_wconf 83' lang='lat' dir='ltr'><strong>dessaisit</strong></span> <span class='ocrx_word' id='word_1_184' title='bbox 2328 2687 2407 2758; x_wconf 90' lang='lat' dir='ltr'><strong>de</strong></span> <span class='ocrx_word' id='word_1_185' title='bbox 2457 2699 2669 2759; x_wconf 87' lang='lat' dir='ltr'><strong>toutes</strong></span> <span class='ocrx_word' id='word_1_186' title='bbox 2708 2690 2805 2761; x_wconf 89' lang='lat' dir='ltr'><strong>les</strong></span> <span class='ocrx_word' id='word_1_187' title='bbox 2844 2693 3082 2761; x_wconf 85' lang='lat' dir='ltr'><strong>choses</strong></span> 
     </span>
     <span class='ocr_line' id='line_1_20' title="bbox 825 2797 3082 2877; baseline 0.001 -6"><span class='ocrx_word' id='word_1_188' title='bbox 825 2797 1231 2872; x_wconf 85' lang='lat' dir='ltr'><strong>dessusdites</strong></span> <span class='ocrx_word' id='word_1_189' title='bbox 1256 2812 1321 2872; x_wconf 90' lang='lat' dir='ltr'><strong>et</strong></span> <span class='ocrx_word' id='word_1_190' title='bbox 1355 2802 1435 2870; x_wconf 87' lang='lat' dir='ltr'><strong>de</strong></span> <span class='ocrx_word' id='word_1_191' title='bbox 1475 2803 1768 2871; x_wconf 82' lang='lat' dir='ltr'><strong>chacune</strong></span> <span class='ocrx_word' id='word_1_192' title='bbox 1808 2797 2095 2871; x_wconf 87' lang='lat' dir='ltr'><strong>d’icelles</strong></span> <span class='ocrx_word' id='word_1_193' title='bbox 2133 2822 2216 2872; x_wconf 91' lang='lat' dir='ltr'><strong>en</strong></span> <span class='ocrx_word' id='word_1_194' title='bbox 2269 2815 2491 2873; x_wconf 87' lang='lat' dir='ltr'><strong>nostre</strong></span> <span class='ocrx_word' id='word_1_195' title='bbox 2520 2803 2693 2874; x_wconf 82' lang='lat' dir='ltr'><strong>main</strong></span> <span class='ocrx_word' id='word_1_196' title='bbox 2748 2805 2835 2876; x_wconf 77' lang='lat' dir='ltr'><strong>et&#39;</strong></span> <span class='ocrx_word' id='word_1_197' title='bbox 2870 2802 3082 2877; x_wconf 83' lang='lat' dir='ltr'><strong>ensai·</strong></span> 
     </span>
     <span class='ocr_line' id='line_1_21' title="bbox 826 2912 3079 3010; baseline -0 -22"><span class='ocrx_word' id='word_1_198' title='bbox 826 2912 966 2988; x_wconf 81' lang='lat' dir='ltr'><strong>sine</strong></span> <span class='ocrx_word' id='word_1_199' title='bbox 1006 2916 1087 2987; x_wconf 88' lang='lat' dir='ltr'><strong>de</strong></span> <span class='ocrx_word' id='word_1_200' title='bbox 1137 2937 1208 2986; x_wconf 84' lang='lat' dir='ltr'><strong>sa</strong></span> <span class='ocrx_word' id='word_1_201' title='bbox 1261 2916 1517 2985; x_wconf 77' lang='lat' dir='ltr'><strong>volonte</strong></span> <span class='ocrx_word' id='word_1_202' title='bbox 1556 2916 1615 2986; x_wconf 89' lang='lat' dir='ltr'><strong>le</strong></span> <span class='ocrx_word' id='word_1_203' title='bbox 1656 2937 1767 3005; x_wconf 88' lang='lat' dir='ltr'><strong>pro</strong></span> <span class='ocrx_word' id='word_1_204' title='bbox 1782 2936 2016 2986; x_wconf 88' lang='lat' dir='ltr'><strong>cureur</strong></span> <span class='ocrx_word' id='word_1_205' title='bbox 2047 2913 2294 2986; x_wconf 82' lang='lat' dir='ltr'><strong>desdits</strong></span> <span class='ocrx_word' id='word_1_206' title='bbox 2335 2916 2541 3008; x_wconf 81' lang='lat' dir='ltr'><strong>doyen</strong></span> <span class='ocrx_word' id='word_1_207' title='bbox 2571 2931 2636 2989; x_wconf 91' lang='lat' dir='ltr'><strong>et</strong></span> <span class='ocrx_word' id='word_1_208' title='bbox 2665 2921 2963 3010; x_wconf 83' lang='lat' dir='ltr'><strong>chapitre</strong></span> <span class='ocrx_word' id='word_1_209' title='bbox 3002 2941 3079 2989; x_wconf 94' lang='lat' dir='ltr'><strong>en</strong></span> 
     </span>
     <span class='ocr_line' id='line_1_22' title="bbox 827 3026 3072 3123; baseline 0.002 -24"><span class='ocrx_word' id='word_1_210' title='bbox 827 3051 978 3099; x_wconf 93' lang='lat' dir='ltr'><strong>nom</strong></span> <span class='ocrx_word' id='word_1_211' title='bbox 1020 3031 1206 3100; x_wconf 82' lang='lat' dir='ltr'><strong>d&#39;eux</strong></span> <span class='ocrx_word' id='word_1_212' title='bbox 1243 3042 1309 3100; x_wconf 89' lang='lat' dir='ltr'><strong>et</strong></span> <span class='ocrx_word' id='word_1_213' title='bbox 1331 3026 1715 3100; x_wconf 67' lang='lat' dir='ltr'><strong>en&#39;”baillant</strong></span> <span class='ocrx_word' id='word_1_214' title='bbox 1738 3026 1916 3100; x_wconf 81' lang='lat' dir='ltr'><strong>audit</strong></span> <span class='ocrx_word' id='word_1_215' title='bbox 1934 3052 2292 3121; x_wconf 86' lang='lat' dir='ltr'><strong>procureur</strong></span> <span class='ocrx_word' id='word_1_216' title='bbox 2321 3051 2432 3102; x_wconf 85' lang='lat' dir='ltr'><strong>ces</strong></span> <span class='ocrx_word' id='word_1_217' title='bbox 2460 3045 2802 3123; x_wconf 83' lang='lat' dir='ltr'><strong>presentes</strong></span> <span class='ocrx_word' id='word_1_218' title='bbox 2826 3035 3072 3105; x_wconf 87' lang='lat' dir='ltr'><strong>lettres.</strong></span> 
     </span>
     <span class='ocr_line' id='line_1_23' title="bbox 826 3141 3071 3238; baseline 0.001 -25"><span class='ocrx_word' id='word_1_219' title='bbox 826 3144 901 3213; x_wconf 88' lang='lat' dir='ltr'><strong>Et</strong></span> <span class='ocrx_word' id='word_1_220' title='bbox 969 3145 1098 3212; x_wconf 84' lang='lat' dir='ltr'><strong>fust</strong></span> <span class='ocrx_word' id='word_1_221' title='bbox 1168 3143 1441 3214; x_wconf 79' lang='lat' dir='ltr'><strong>accorde</strong></span> <span class='ocrx_word' id='word_1_222' title='bbox 1498 3155 1681 3234; x_wconf 87' lang='lat' dir='ltr'><strong>entre</strong></span> <span class='ocrx_word' id='word_1_223' title='bbox 1742 3141 1896 3213; x_wconf 89' lang='lat' dir='ltr'><strong>ledit</strong></span> <span class='ocrx_word' id='word_1_224' title='bbox 1951 3145 2295 3218; x_wconf 83' lang='lat' dir='ltr'><strong>chevallier</strong></span> <span class='ocrx_word' id='word_1_225' title='bbox 2350 3158 2415 3215; x_wconf 86' lang='lat' dir='ltr'><strong>et</strong></span> <span class='ocrx_word' id='word_1_226' title='bbox 2477 3144 2634 3216; x_wconf 90' lang='lat' dir='ltr'><strong>ledit</strong></span> <span class='ocrx_word' id='word_1_227' title='bbox 2700 3169 3071 3238; x_wconf 82' lang='lat' dir='ltr'><strong>procureur,</strong></span> 
     </span>
     <span class='ocr_line' id='line_1_24' title="bbox 829 3255 3077 3353; baseline 0.002 -26"><span class='ocrx_word' id='word_1_228' title='bbox 829 3278 1117 3349; x_wconf 83' lang='lat' dir='ltr'><strong>pourveu</strong></span> <span class='ocrx_word' id='word_1_229' title='bbox 1142 3278 1266 3348; x_wconf 90' lang='lat' dir='ltr'><strong>que</strong></span> <span class='ocrx_word' id='word_1_230' title='bbox 1295 3257 1470 3328; x_wconf 89' lang='lat' dir='ltr'><strong>l’une</strong></span> <span class='ocrx_word' id='word_1_231' title='bbox 1501 3255 1700 3348; x_wconf 82' lang='lat' dir='ltr'><strong>partie</strong></span> <span class='ocrx_word' id='word_1_232' title='bbox 1741 3279 1824 3328; x_wconf 90' lang='lat' dir='ltr'><strong>ne</strong></span> <span class='ocrx_word' id='word_1_233' title='bbox 1855 3258 2102 3330; x_wconf 83' lang='lat' dir='ltr'><strong>l’aultre</strong></span> <span class='ocrx_word' id='word_1_234' title='bbox 2130 3280 2210 3330; x_wconf 93' lang='lat' dir='ltr'><strong>ne</strong></span> <span class='ocrx_word' id='word_1_235' title='bbox 2241 3261 2408 3330; x_wconf 85' lang='lat' dir='ltr'><strong>feust</strong></span> <span class='ocrx_word' id='word_1_236' title='bbox 2447 3261 2719 3346; x_wconf 87' lang='lat' dir='ltr'><strong>deceue‚</strong></span> <span class='ocrx_word' id='word_1_237' title='bbox 2749 3283 2879 3353; x_wconf 91' lang='lat' dir='ltr'><strong>que</strong></span> <span class='ocrx_word' id='word_1_238' title='bbox 2928 3260 3077 3333; x_wconf 86' lang='lat' dir='ltr'><strong>trois</strong></span> 
     </span>
     <span class='ocr_line' id='line_1_25' title="bbox 830 3370 3074 3464; baseline 0.003 -23"><span class='ocrx_word' id='word_1_239' title='bbox 830 3374 1358 3464; x_wconf 87' lang='lat' dir='ltr'><strong>proudbommes,</strong></span> <span class='ocrx_word' id='word_1_240' title='bbox 1404 3373 1567 3443; x_wconf 81' lang='lat' dir='ltr'><strong>c&#39;est</strong></span> <span class='ocrx_word' id='word_1_241' title='bbox 1607 3370 1898 3443; x_wconf 81' lang='lat' dir='ltr'><strong>ascavoir</strong></span> <span class='ocrx_word' id='word_1_242' title='bbox 1935 3372 2138 3444; x_wconf 87' lang='lat' dir='ltr'><strong>Robin</strong></span> <span class='ocrx_word' id='word_1_243' title='bbox 2182 3373 2653 3460; x_wconf 86' lang='lat' dir='ltr'><strong>Lescrivouins,</strong></span> <span class='ocrx_word' id='word_1_244' title='bbox 2692 3379 2850 3449; x_wconf 75' lang='lat' dir='ltr'><strong>Jean</strong></span> <span class='ocrx_word' id='word_1_245' title='bbox 2895 3380 2975 3450; x_wconf 88' lang='lat' dir='ltr'><strong>de</strong></span> <span class='ocrx_word' id='word_1_246' title='bbox 3023 3380 3074 3448; x_wconf 81' lang='lat' dir='ltr'><strong>la</strong></span> 
     </span>
     <span class='ocr_line' id='line_1_26' title="bbox 832 3486 3076 3583; baseline 0.004 -29"><span class='ocrx_word' id='word_1_247' title='bbox 832 3486 1110 3567; x_wconf 89' lang='lat' dir='ltr'><strong>Coulier,</strong></span> <span class='ocrx_word' id='word_1_248' title='bbox 1152 3500 1215 3555; x_wconf 92' lang='lat' dir='ltr'><strong>et</strong></span> <span class='ocrx_word' id='word_1_249' title='bbox 1252 3487 1497 3576; x_wconf 82' lang='lat' dir='ltr'><strong>Landry</strong></span> <span class='ocrx_word' id='word_1_250' title='bbox 1524 3488 1836 3556; x_wconf 88' lang='lat' dir='ltr'><strong>Boutelou</strong></span> <span class='ocrx_word' id='word_1_251' title='bbox 1876 3501 2210 3558; x_wconf 84' lang='lat' dir='ltr'><strong>recevront</strong></span> <span class='ocrx_word' id='word_1_252' title='bbox 2247 3487 2475 3575; x_wconf 88' lang='lat' dir='ltr'><strong>lesdits</strong></span> <span class='ocrx_word' id='word_1_253' title='bbox 2515 3491 2777 3583; x_wconf 81' lang='lat' dir='ltr'><strong>peaiges</strong></span> <span class='ocrx_word' id='word_1_254' title='bbox 2807 3513 2892 3563; x_wconf 91' lang='lat' dir='ltr'><strong>en</strong></span> <span class='ocrx_word' id='word_1_255' title='bbox 2933 3517 3076 3564; x_wconf 91' lang='lat' dir='ltr'><strong>nom</strong></span> 
     </span>
     <span class='ocr_line' id='line_1_27' title="bbox 833 3598 3078 3701; baseline 0.005 -32"><span class='ocrx_word' id='word_1_256' title='bbox 833 3598 1083 3670; x_wconf 89' lang='lat' dir='ltr'><strong>desdits</strong></span> <span class='ocrx_word' id='word_1_257' title='bbox 1122 3600 1331 3692; x_wconf 80' lang='lat' dir='ltr'><strong>doyen</strong></span> <span class='ocrx_word' id='word_1_258' title='bbox 1362 3613 1426 3670; x_wconf 92' lang='lat' dir='ltr'><strong>et</strong></span> <span class='ocrx_word' id='word_1_259' title='bbox 1463 3598 1753 3691; x_wconf 84' lang='lat' dir='ltr'><strong>chapitre</strong></span> <span class='ocrx_word' id='word_1_260' title='bbox 1788 3623 1901 3692; x_wconf 82' lang='lat' dir='ltr'><strong>par</strong></span> <span class='ocrx_word' id='word_1_261' title='bbox 1924 3602 2202 3692; x_wconf 83' lang='lat' dir='ltr'><strong>l’espace</strong></span> <span class='ocrx_word' id='word_1_262' title='bbox 2249 3604 2329 3701; x_wconf 81' lang='lat' dir='ltr'><strong>de</strong></span> <span class='ocrx_word' id='word_1_263' title='bbox 2368 3606 2531 3675; x_wconf 83' lang='lat' dir='ltr'><strong>deux</strong></span> <span class='ocrx_word' id='word_1_264' title='bbox 2561 3627 2681 3675; x_wconf 81' lang='lat' dir='ltr'><strong>ans</strong></span> <span class='ocrx_word' id='word_1_265' title='bbox 2719 3610 3078 3684; x_wconf 87' lang='lat' dir='ltr'><strong>continuel-</strong></span> 
     </span>
     <span class='ocr_line' id='line_1_28' title="bbox 833 3717 3075 3808; baseline 0.004 -22"><span class='ocrx_word' id='word_1_266' title='bbox 833 3717 1077 3796; x_wconf 85' lang='lat' dir='ltr'><strong>lement</strong></span> <span class='ocrx_word' id='word_1_267' title='bbox 1135 3735 1635 3786; x_wconf 89' lang='lat' dir='ltr'><strong>encommencez</strong></span> <span class='ocrx_word' id='word_1_268' title='bbox 1682 3737 1762 3785; x_wconf 83' lang='lat' dir='ltr'><strong>au</strong></span> <span class='ocrx_word' id='word_1_269' title='bbox 1799 3717 1945 3806; x_wconf 89' lang='lat' dir='ltr'><strong>jour</strong></span> <span class='ocrx_word' id='word_1_270' title='bbox 1992 3717 2184 3806; x_wconf 83' lang='lat' dir='ltr'><strong>d’huy</strong></span> <span class='ocrx_word' id='word_1_271' title='bbox 2221 3730 2286 3787; x_wconf 94' lang='lat' dir='ltr'><strong>et</strong></span> <span class='ocrx_word' id='word_1_272' title='bbox 2327 3718 2619 3808; x_wconf 90' lang='lat' dir='ltr'><strong>jureront</strong></span> <span class='ocrx_word' id='word_1_273' title='bbox 2648 3720 2883 3793; x_wconf 79' lang='lat' dir='ltr'><strong>devant</strong></span> <span class='ocrx_word' id='word_1_274' title='bbox 2909 3725 3075 3794; x_wconf 86' lang='lat' dir='ltr'><strong>leurs</strong></span> 
     </span>
     <span class='ocr_line' id='line_1_29' title="bbox 835 3827 3078 3928; baseline 0.003 -29"><span class='ocrx_word' id='word_1_275' title='bbox 835 3829 1074 3922; x_wconf 82' lang='lat' dir='ltr'><strong>parties</strong></span> <span class='ocrx_word' id='word_1_276' title='bbox 1094 3850 1178 3899; x_wconf 89' lang='lat' dir='ltr'><strong>ou</strong></span> <span class='ocrx_word' id='word_1_277' title='bbox 1204 3830 1376 3899; x_wconf 87' lang='lat' dir='ltr'><strong>leurs</strong></span> <span class='ocrx_word' id='word_1_278' title='bbox 1392 3849 1780 3920; x_wconf 77' lang='lat' dir='ltr'><strong>procureur-s</strong></span> <span class='ocrx_word' id='word_1_279' title='bbox 1805 3850 1930 3919; x_wconf 91' lang='lat' dir='ltr'><strong>que</strong></span> <span class='ocrx_word' id='word_1_280' title='bbox 1958 3827 2037 3928; x_wconf 82' lang='lat' dir='ltr'><strong>ils</strong></span> <span class='ocrx_word' id='word_1_281' title='bbox 2058 3832 2117 3901; x_wconf 90' lang='lat' dir='ltr'><strong>le</strong></span> <span class='ocrx_word' id='word_1_282' title='bbox 2139 3833 2379 3901; x_wconf 84' lang='lat' dir='ltr'><strong>ferront</strong></span> <span class='ocrx_word' id='word_1_283' title='bbox 2408 3830 2555 3904; x_wconf 87' lang='lat' dir='ltr'><strong>bien</strong></span> <span class='ocrx_word' id='word_1_284' title='bbox 2581 3847 2646 3905; x_wconf 88' lang='lat' dir='ltr'><strong>et</strong></span> <span class='ocrx_word' id='word_1_285' title='bbox 2669 3836 3078 3926; x_wconf 82' lang='lat' dir='ltr'><strong>loyanement</strong></span> 
     </span>
     <span class='ocr_line' id='line_1_30' title="bbox 836 3937 3078 4040; baseline 0.003 -26"><span class='ocrx_word' id='word_1_286' title='bbox 836 3943 1019 4034; x_wconf 81' lang='lat' dir='ltr'><strong>ainsy</strong></span> <span class='ocrx_word' id='word_1_287' title='bbox 1054 3966 1217 4035; x_wconf 91' lang='lat' dir='ltr'><strong>pour</strong></span> <span class='ocrx_word' id='word_1_288' title='bbox 1266 3943 1441 4013; x_wconf 85' lang='lat' dir='ltr'><strong>l’une</strong></span> <span class='ocrx_word' id='word_1_289' title='bbox 1496 3940 1697 4034; x_wconf 82' lang='lat' dir='ltr'><strong>partie</strong></span> <span class='ocrx_word' id='word_1_290' title='bbox 1759 3964 1885 4036; x_wconf 90' lang='lat' dir='ltr'><strong>que</strong></span> <span class='ocrx_word' id='word_1_291' title='bbox 1937 3966 2101 4036; x_wconf 88' lang='lat' dir='ltr'><strong>pour</strong></span> <span class='ocrx_word' id='word_1_292' title='bbox 2148 3937 2528 4029; x_wconf 74' lang='lat' dir='ltr'><strong>l’aultre‚&#39;et</strong></span> <span class='ocrx_word' id='word_1_293' title='bbox 2566 3969 2645 4018; x_wconf 94' lang='lat' dir='ltr'><strong>en</strong></span> <span class='ocrx_word' id='word_1_294' title='bbox 2709 3950 2769 4038; x_wconf 77' lang='lat' dir='ltr'><strong>la</strong></span> <span class='ocrx_word' id='word_1_295' title='bbox 2834 3951 2921 4040; x_wconf 84' lang='lat' dir='ltr'><strong>fin</strong></span> <span class='ocrx_word' id='word_1_296' title='bbox 2969 3952 3078 4020; x_wconf 85' lang='lat' dir='ltr'><strong>des</strong></span> 
     </span>
     <span class='ocr_line' id='line_1_31' title="bbox 840 4056 3078 4152; baseline 0 -21"><span class='ocrx_word' id='word_1_297' title='bbox 840 4061 1006 4131; x_wconf 82' lang='lat' dir='ltr'><strong>deux</strong></span> <span class='ocrx_word' id='word_1_298' title='bbox 1032 4080 1151 4128; x_wconf 81' lang='lat' dir='ltr'><strong>ans</strong></span> <span class='ocrx_word' id='word_1_299' title='bbox 1183 4079 1407 4149; x_wconf 84' lang='lat' dir='ltr'><strong>passez</strong></span> <span class='ocrx_word' id='word_1_300' title='bbox 1443 4057 1495 4128; x_wconf 90' lang='lat' dir='ltr'><strong>si</strong></span> <span class='ocrx_word' id='word_1_301' title='bbox 1535 4056 1616 4128; x_wconf 90' lang='lat' dir='ltr'><strong>ils</strong></span> <span class='ocrx_word' id='word_1_302' title='bbox 1654 4070 1947 4146; x_wconf 79' lang='lat' dir='ltr'><strong>treuvent</strong></span> <span class='ocrx_word' id='word_1_303' title='bbox 1985 4080 2112 4149; x_wconf 89' lang='lat' dir='ltr'><strong>que</strong></span> <span class='ocrx_word' id='word_1_304' title='bbox 2144 4061 2417 4134; x_wconf 83' lang='lat' dir='ltr'><strong>lesdites</strong></span> <span class='ocrx_word' id='word_1_305' title='bbox 2440 4060 2700 4152; x_wconf 76' lang='lat' dir='ltr'><strong>peaiges</strong></span> <span class='ocrx_word' id='word_1_306' title='bbox 2735 4061 2913 4135; x_wconf 79' lang='lat' dir='ltr'><strong>aient</strong></span> <span class='ocrx_word' id='word_1_307' title='bbox 2942 4065 3078 4134; x_wconf 74' lang='lat' dir='ltr'><strong>valu</strong></span> 
     </span>
    </p>
   </div>
   <div class='ocr_carea' id='block_1_2' title="bbox 834 4460 3078 4719">
    <p class='ocr_par' dir='ltr' id='par_1_2' title="bbox 834 4460 3078 4719">
     <span class='ocr_line' id='line_1_32' title="bbox 906 4460 3078 4554; baseline 0.003 -36"><span class='ocrx_word' id='word_1_308' title='bbox 906 4465 926 4501; x_wconf 90' lang='lat'>¹</span> <span class='ocrx_word' id='word_1_309' title='bbox 967 4484 996 4518; x_wconf 75' lang='grc' dir='ltr'>ι</span> <span class='ocrx_word' id='word_1_310' title='bbox 1016 4465 1168 4520; x_wconf 89' lang='lat' dir='ltr'><strong>Ponr</strong></span> <span class='ocrx_word' id='word_1_311' title='bbox 1194 4479 1306 4519; x_wconf 91' lang='lat' dir='ltr'><strong>une</strong></span> <span class='ocrx_word' id='word_1_312' title='bbox 1322 4461 1458 4518; x_wconf 90' lang='lat' dir='ltr'><strong>robe</strong></span> <span class='ocrx_word' id='word_1_313' title='bbox 1479 4480 1533 4532; x_wconf 72' lang='grc' dir='ltr'><strong>ι,</strong></span> <span class='ocrx_word' id='word_1_314' title='bbox 1554 4460 1636 4519; x_wconf 80' lang='lat' dir='ltr'><strong>dit</strong></span> <span class='ocrx_word' id='word_1_315' title='bbox 1663 4462 1906 4519; x_wconf 82' lang='lat' dir='ltr'><strong>l&#39;accord</strong></span> <span class='ocrx_word' id='word_1_316' title='bbox 1930 4461 2176 4534; x_wconf 64' lang='grc'><strong>(181310,</strong></span> <span class='ocrx_word' id='word_1_317' title='bbox 2204 4465 2404 4521; x_wconf 84' lang='lat' dir='ltr'><strong>conclu</strong></span> <span class='ocrx_word' id='word_1_318' title='bbox 2429 4472 2588 4522; x_wconf 83' lang='lat' dir='ltr'><strong>entre</strong></span> <span class='ocrx_word' id='word_1_319' title='bbox 2619 4465 2997 4554; x_wconf 84' lang='lat' dir='ltr'><strong>Sainte-Croix</strong></span> <span class='ocrx_word' id='word_1_320' title='bbox 3023 4472 3078 4525; x_wconf 86' lang='lat' dir='ltr'><strong>et</strong></span> 
     </span>
     <span class='ocr_line' id='line_1_33' title="bbox 838 4551 3077 4625; baseline 0.001 -14"><span class='ocrx_word' id='word_1_321' title='bbox 838 4556 918 4611; x_wconf 82' lang='lat' dir='ltr'><strong>les</strong></span> <span class='ocrx_word' id='word_1_322' title='bbox 941 4554 1200 4610; x_wconf 76' lang='lat' dir='ltr'><strong>heritiers</strong></span> <span class='ocrx_word' id='word_1_323' title='bbox 1227 4553 1298 4609; x_wconf 88' lang='lat' dir='ltr'><strong>de</strong></span> <span class='ocrx_word' id='word_1_324' title='bbox 1325 4553 1464 4610; x_wconf 85' lang='lat' dir='ltr'><strong>Jean</strong></span> <span class='ocrx_word' id='word_1_325' title='bbox 1491 4551 1562 4609; x_wconf 88' lang='lat' dir='ltr'><strong>de</strong></span> <span class='ocrx_word' id='word_1_326' title='bbox 1593 4553 1787 4625; x_wconf 72' lang='lat' dir='ltr'><strong>Pailly,</strong></span> <span class='ocrx_word' id='word_1_327' title='bbox 1821 4554 1920 4625; x_wconf 88' lang='lat' dir='ltr'><strong>qui</strong></span> <span class='ocrx_word' id='word_1_328' title='bbox 1948 4555 2234 4620; x_wconf 70' lang='lat' dir='ltr'><strong>receivent</strong></span> <span class='ocrx_word' id='word_1_329' title='bbox 2272 4556 2340 4610; x_wconf 91' lang='lat' dir='ltr'><strong>de</strong></span> <span class='ocrx_word' id='word_1_330' title='bbox 2384 4557 2769 4614; x_wconf 78' lang='lat' dir='ltr'><strong>sainte-croix</strong></span> <span class='ocrx_word' id='word_1_331' title='bbox 2813 4558 2886 4614; x_wconf 81' lang='lat'><strong>80</strong></span> <span class='ocrx_word' id='word_1_332' title='bbox 2917 4560 3077 4616; x_wconf 80' lang='lat' dir='ltr'><strong>livres</strong></span> 
     </span>
     <span class='ocr_line' id='line_1_34' title="bbox 834 4642 2777 4719; baseline 0.002 -19"><span class='ocrx_word' id='word_1_333' title='bbox 834 4644 1034 4716; x_wconf 78' lang='lat' dir='ltr'><strong>parisis</strong></span> <span class='ocrx_word' id='word_1_334' title='bbox 1054 4650 1217 4700; x_wconf 90' lang='lat' dir='ltr'><strong>outre</strong></span> <span class='ocrx_word' id='word_1_335' title='bbox 1250 4644 1304 4699; x_wconf 91' lang='lat' dir='ltr'><strong>le</strong></span> <span class='ocrx_word' id='word_1_336' title='bbox 1332 4643 1456 4715; x_wconf 84' lang='lat' dir='ltr'><strong>prix</strong></span> <span class='ocrx_word' id='word_1_337' title='bbox 1485 4657 1770 4700; x_wconf 83' lang='lat' dir='ltr'><strong>conveuu.</strong></span> <span class='ocrx_word' id='word_1_338' title='bbox 1804 4643 1995 4713; x_wconf 75' lang='lat' dir='ltr'><strong>(Arch.</strong></span> <span class='ocrx_word' id='word_1_339' title='bbox 2030 4642 2160 4701; x_wconf 78' lang='lat' dir='ltr'><strong>Nat.</strong></span> <span class='ocrx_word' id='word_1_340' title='bbox 2201 4644 2273 4700; x_wconf 86' lang='lat' dir='ltr'><strong>R⁴</strong></span> <span class='ocrx_word' id='word_1_341' title='bbox 2298 4644 2406 4701; x_wconf 86' lang='lat'><strong>558</strong></span> <span class='ocrx_word' id='word_1_342' title='bbox 2438 4665 2453 4702; x_wconf 71' lang='grc' dir='ltr'>ε</span> <span class='ocrx_word' id='word_1_343' title='bbox 2479 4645 2550 4701; x_wconf 73' lang='lat'><strong>27</strong></span> <span class='ocrx_word' id='word_1_344' title='bbox 2580 4653 2635 4703; x_wconf 89' lang='lat' dir='ltr'><strong>et</strong></span> <span class='ocrx_word' id='word_1_345' title='bbox 2657 4648 2777 4719; x_wconf 77' lang='lat'><strong>28.)</strong></span> 
     </span>
    </p>
   </div>
  </div>
 </body>
</html>
