3485 5571
1361 721 1440 734 —
1482 685 1720 753 259—

406 818 710 887 Galterus
734 838 876 888 eam
915 838 950 886 a
980 814 1153 888 dicto
1192 818 1474 906 capitulo
1499 816 1706 888 tenuit
1725 819 1847 887 sub
1874 838 2085 888 annua
2119 839 2435 909 pensione
2469 842 2488 903 3
2520 832 2661 889 tan-

408 935 562 1004 dem
603 956 750 1003 cum
806 931 948 1024 ipso
1011 930 1073 1003 in
1124 935 1290 1003 hanc
1353 936 1627 1004 sormam
1674 931 1852 1024 pacis
1889 932 2334 1020 convenimus,
2403 936 2574 1025 quod
2625 955 2663 1004 a

405 1049 849 1121 controversia
880 1072 1003 1140 que
1039 1063 1263 1121 contra
1302 1071 1424 1120 nos
1455 1072 1671 1121 coram
1703 1048 2032 1140 judicibus
2086 1054 2658 1143 Magdunensibns‚

404 1176 476 1232 ut
525 1162 771 1234 dictum
802 1179 929 1248 est,
971 1177 1279 1246 moverat,
1346 1164 1611 1234 omnino
1658 1162 1905 1234 destitit
1944 1187 1962 1249 ;
2004 1165 2452 1257 promittentes
2492 1169 2661 1257 quod

406 1300 607 1369 super
632 1276 927 1370 dampnis
952 1290 1015 1349 et
1056 1276 1404 1369 deperditis
1432 1276 1804 1349 memoratis
1831 1301 1951 1349 nos
1982 1281 2352 1351 nullatenus
2391 1292 2665 1352 attenta-

403 1406 502 1463 ret
549 1396 853 1465 decetero
907 1396 1271 1464 molestare.
1334 1397 1461 1464 Nos
1505 1416 1654 1464 vero
1697 1395 1806 1484 jus
1848 1415 2067 1476 omne,
2111 1393 2166 1465 si
2217 1398 2372 1485 quid
2414 1395 2479 1466 in
2521 1420 2663 1488 pre-

404 1505 605 1577 dictis
641 1509 1036 1577 habebamus
1075 1505 1303 1590 vineis,
1335 1508 1510 1577 dicto
1549 1506 1831 1598 capitulo
1871 1522 2228 1599 spontanee
2253 1522 2318 1580 et
2344 1510 2664 1603 imperpe-

406 1633 593 1689 tuum
677 1619 1087 1710 quitavimus,
1173 1619 1621 1712 promittentes
1720 1623 1889 1711 quod
1970 1635 2323 1693 memorato
2379 1622 2660 1713 capitulo

407 1737 677 1806 easdem
719 1738 940 1806 vineas
971 1749 1191 1807 contra
1233 1735 1633 1826 sepedictum
1677 1738 1998 1806 Galterum
2035 1748 2103 1808 et
2129 1750 2353 1809 contra
2387 1740 2656 1828 quemli-

407 1852 518 1920 bet
549 1847 761 1940 ipsius
798 1848 1350 1940 consanguineum
1382 1872 1494 1920 seu
1553 1848 1980 1942 propinquum
2021 1864 2085 1921 et
2108 1863 2328 1922 contra
2367 1853 2664 1923 abbatem

404 1976 470 2034 et
503 1977 900 2035 conventum
931 1966 1011 2035 de
1050 1965 1672 2047 Marcbeio-Radulfi,
1703 1986 1978 2055 quorum
2008 1962 2218 2057 primo
2251 1965 2422 2036 idem
2464 1969 2665 2037 Galte-

405 2101 518 2148 rus
587 2076 822 2149 dicitur
868 2080 1158 2149 habitum
1211 2078 1606 2170 suscepisse,
1670 2076 2144 2171 imperpetuum
2191 2079 2664 2169 garentiremus

404 2194 653 2265 dictum
693 2192 1044 2285 capitulum
1078 2214 1227 2283 erga
1265 2215 1493 2264 omnes
1532 2194 1863 2285 predictos
1892 2193 2241 2284 indempne
2281 2196 2592 2265 servaturi
2635 2218 2654 2279 3

407 2306 583 2379 idem
626 2330 777 2379 vero
817 2307 1196 2399 capitulum,
1232 2330 1345 2399 pro
1389 2310 1557 2378 bono
1593 2306 1795 2398 pacis,
1841 2311 2062 2379 decem
2092 2320 2156 2379 et
2181 2323 2430 2400 septem
2469 2306 2663 2382 libras

409 2421 864 2512 parisiensium
904 2420 1093 2493 nobis
1122 2420 1293 2492 duxit
1322 2423 1802 2514 persolvendas.
1839 2424 2024 2507 Quod
2067 2435 2135 2492 ut
2162 2435 2373 2492 ratum
2405 2436 2470 2493 et
2509 2446 2662 2514 cog-

411 2536 619 2606 nitum
665 2550 1033 2627 permaneat
1075 2557 1343 2628 presens
1373 2534 1684 2627 scriptum
1726 2534 1917 2627 sigilli
1951 2534 2153 2607 nostri
2192 2539 2524 2608 karactere
2573 2542 2664 2609 ie-

409 2649 620 2721 cimns
660 2649 968 2722 roborari.
1029 2655 1255 2721 Actum
1315 2672 1485 2720 anno
1538 2648 1795 2721 Domini
1849 2653 2004 2721 MCC
2044 2649 2320 2741 septimo
2376 2649 2655 2738 decimo,

410 2788 638 2837 mense
668 2765 850 2857 julio.

1406 3084 1670 3146 chxtt

1448 3334 1607 3397 1218

410 3567 622 3624 Rachat
650 3584 754 3640 par
783 3566 1029 3638 l’abbaye
1058 3567 1128 3622 de
1156 3567 1586 3624 Saint-Euverte
1615 3584 1686 3623 au
1725 3568 1850 3640 prix
1878 3568 1950 3624 de
1985 3569 2057 3624 40
2088 3586 2222 3626 sous
2256 3570 2455 3642 parisis
2484 3574 2538 3626 et
2557 3587 2660 3642 par

479 3663 693 3734 l’eglise
746 3663 814 3717 de
861 3662 1323 3719 Saint-Donatien
1369 3679 1441 3717 au
1482 3663 1604 3734 prix
1655 3663 1723 3718 de
1762 3662 1834 3718 30
1879 3680 2012 3719 sous
2062 3665 2285 3736 parisis,
2342 3666 2442 3721 des
2494 3682 2659 3738 repas

475 3760 711 3831 qu'elles
748 3759 1006 3814 devaient
1026 3759 1059 3814 a
1087 3758 1465 3815 Sainte-Groix
1501 3760 1556 3814 la
1584 3759 1747 3814 veille
1778 3760 1847 3814 de
1874 3761 2147 3817 cer-taines
2185 3762 2347 3817 setes.

834 3906 1016 3976 (Orig.
1059 3922 1158 3962 sur
1195 3907 1390 3978 parch.
1429 3907 1600 3964 Arch.
1632 3907 1708 3962 du
1737 3907 1948 3979 Loiret,
1979 3908 2046 3965 G.
2076 3908 2225 3978 271).

491 4122 859 4212 Vulgrinns„
894 4120 1066 4193 Beati
1091 4121 1339 4193 Evurcii
1372 4121 1851 4193 Aurelianensis
1879 4125 2108 4206 abbaS,
2142 4135 2445 4213 totusque
2474 4124 2646 4214 ejus-

414 4235 551 4306 dem
582 4234 957 4307 monasterii
997 4251 1358 4307 conventus
1398 4235 1660 4307 humilis
1689 4235 1992 4307 omnibus
2032 4250 2368 4329 presentes
2400 4239 2649 4308 litteras

419 4349 803 4440 inspecturis
858 4352 1131 4421 salutem
1198 4350 1263 4420 in
1318 4349 1618 4421 Domino.
1679 4350 1934 4422 Noverit
2000 4350 2385 4422 universitas
2449 4364 2658 4422 vestra

416 4470 576 4554 quod
614 4489 764 4538 cum
811 4467 1267 4539 monasterium
1310 4480 1601 4538 nostrum
1657 4470 1903 4539 decano
1942 4481 2006 4539 et
2044 4471 2325 4560 capitulo
2378 4469 2658 4538 Aurelia-

418 4583 587 4655 nensi
638 4583 1031 4655 relectiones
1099 4587 1261 4655 duas
1315 4582 1504 4656 annis
1560 4586 1826 4655 deberet
1865 4586 2170 4675 singulis,
2234 4583 2316 4653 ita
2357 4585 2529 4673 quod
2591 4584 2657 4654 in

419 4697 656 4769 duabus
687 4696 896 4789 ipsius
924 4696 1291 4769 monasterii
1327 4695 1814 4781 festivitatibus,
1860 4710 1988 4768 tam
2022 4697 2087 4767 in
2127 4699 2234 4768 illa
2263 4719 2389 4788 que
2435 4718 2661 4770 mense
