3485 5571
1821 670 2140 732 ...42-

859 800 1159 872 violentia
1198 799 1504 872 secularis
1535 797 1837 890 potentiae
1864 797 1928 868 in
1960 798 2387 869 succedendis
2419 782 2808 890 praesulibus
2843 800 2978 869 vim
3018 802 3115 870 eis

858 917 1134 1005 aliquam
1206 937 1400 985 causa
1468 914 1992 1004 propinquitatis,
2058 934 2172 982 seu
2212 915 2458 1003 turpis⁶
2507 914 2669 983 lucri
2736 916 2970 1003 gratia,
3018 917 3112 983 vel

848 1031 1236 1100 temeritatis
1274 1031 1662 1117 arrogantia,
1703 1030 1939 1096 inferre
1981 1040 2323 1116 praesumat
2355 1051 2372 1107 ;
2415 1029 2529 1097 sed
2563 1048 2754 1116 quem
2792 1030 2885 1097 vel
2922 1030 3114 1098 mini-

848 1167 950 1213 ma
998 1165 1142 1234 pars
1181 1144 1421 1212 saniori
1449 1142 1723 1211 consilio
1774 1144 2132 1210 secundum
2195 1144 2399 1210 Deum
2474 1162 2587 1230 pro
2663 1142 2809 1210 vitae
2875 1145 3114 1213 merito

845 1272 911 1328 et
951 1261 1244 1347 sapiente
1276 1257 1564 1325 doctrina
1592 1257 1726 1326 sive
1753 1277 1828 1324 ex
1900 1257 2038 1345 ipsa
2072 1256 2396 1344 provincia
2439 1277 2555 1325 seu
2578 1277 2653 1326 ex
2676 1258 2800 1324 alia
2827 1258 3113 1326 circum-

849 1394 1103 1463 quaque
1172 1372 1382 1461 posita
1441 1371 1676 1458 eligere
1732 1370 2054 1450 maluerit,
2114 1371 2286 1438 hunc
2349 1371 2538 1439 talem
2608 1372 2671 1438 in
2743 1372 3106 1459 pontificali

849 1487 1149 1555 cathedra
1198 1484 1678 1574 subrogandum
1733 1485 1903 1551 nulla
1956 1482 2297 1572 judiciaria
2337 1497 2625 1573 potestas
2662 1483 3114 1557 contradicere

852 1598 1074 1690 possit.
1117 1600 1275 1668 lllud
1313 1597 1503 1668 etiam
1530 1600 1650 1667 sub
1688 1596 2116 1669 anathematis
2146 1594 2537 1686 obligatione
2593 1620 2707 1688 per
2745 1597 2922 1669 illam
2960 1622 3112 1669 auc-

844 1714 1162 1785 toritatem
1235 1735 1424 1803 quam
1465 1710 1779 1783 Dominus
1841 1724 2063 1780 noster
2132 1714 2322 1780 lesus
2384 1710 2680 1782 Christus
2743 1713 2808 1783 in
2866 1716 3112 1784 beato‘l

848 1830 1297 1920 Apostolorum
1360 1824 1646 1916 principe
1720 1822 2117 1915 principibus
2175 1822 2436 1894 tradidit
2472 1827 2805 1911 Ecclesiae,
2849 1849 3116 1897 excom·

847 1940 1252 2011 municamus
1325 1953 1517 2030 atque
1607 1937 2079 2019 interdicimus,
2157 1952 2220 2009 et
2292 1939 2613 2028 ejusmodi
2701 1940 3112 2032 privilegium

846 2052 1197 2145 apostolica
1225 2052 1677 2125 interdictione
1734 2051 2124 2122 aeternaliter
2162 2051 2222 2122 in
2265 2054 2490 2125 eadem
2533 2055 2689 2125 sede
2725 2077 3114 2145 permanere

849 2167 1282 2249 decernimuS,
1328 2181 1397 2237 ut
1444 2169 1617 2236 nulla
1673 2164 1939 2237 omuino
1985 2188 2285 2255 persona,
2329 2164 2623 2241 videlicet
2680 2170 2777 2239 vel
2833 2170 3114 2258 quilibet

848 2304 1040 2353 causa
1080 2278 1478 2372 adipiscendi
1526 2278 1959 2369 pontificatus,
2006 2302 2122 2351 seu
2159 2278 2476 2370 quispiam
2516 2283 3103 2372 adepto‘honoris

849 2395 1149 2467 donativo
1206 2393 1404 2484 gratia
1472 2391 1923 2483 adquisitionis
1963 2407 2263 2482 tanquam
2313 2396 2393 2465 ad
2434 2417 2504 2464 se
2542 2394 2780 2484 privata
2828 2395 3109 2467 utilitate

847 2507 1171 2580 efficacius
1221 2505 1632 2598 pertinentis,
1674 2529 1780 2577 res
1802 2509 1882 2577 ad
1922 2508 2193 2579 eandem
2248 2521 2535 2579 sanctam
2577 2523 2846 2580 matrem
2892 2512 3114 2581 eccle·

844 2622 1004 2693 siam
1068 2621 1486 2714 pertinentes,
1544 2619 1881 2702 ecclesiaS,
1927 2619 2131 2705 vittas,
2175 2624 2269 2693 vel
2323 2623 2604 2711 reliquas
2645 2624 3112 2712 possessiones

847 2736 1110 2829 quasin
1160 2737 1647 2831 praesentiarum
1703 2738 1825 2806 sub
1886 2758 2004 2806 suo
2068 2733 2298 2806 retinet
2350 2734 2637 2809 dominio
2679 2739 2776 2809 vel
2839 2761 2913 2809 ex
2983 2741 3110 2810 boc

845 2851 1181 2943 adquirere
1232 2850 1488 2942 poterit,
1557 2853 1940 2921 contradere
1989 2853 2085 2921 vel
2121 2849 2400 2922 alienare
2434 2854 2691 2934 audeat,
2735 2874 2852 2924 seu
2911 2852 3098 2944 quis-

844 2969 1086 3056 quam!
1129 2964 1483 3036 secularis⁹
1526 2964 1828 3055 potentiae
1870 2963 2223 3035 temerariae
2254 2963 2622 3054 cupiditatis
2657 2988 2970 3038 exercens
3001 2984 3103 3058 ty·-

844 3079 1209 3161 rannidem‚
1246 3082 1506 3154 easdem
1541 3077 1901 3148 invadendo
1943 3101 2249 3168 usurpare
2298 3082 2392 3148 vel
2442 3077 2577 3150 suis
2643 3079 2871 3152 usibus
2899 3080 3109 3154 vindi-

849 3217 993 3265 care
1033 3207 1417 3285 praesumat,
1446 3191 1752 3263 Videntes
1792 3191 1981 3264 etiam
2022 3192 2175 3265 tanti
2200 3191 2312 3262 viri
2354 3193 2776 3264 reverentiam
2803 3199 3102 3269 multam-

847 3331 969 3398 que
1000 3307 1300 3398 ingenitae
1344 3305 1754 3396 benignitatis
1778 3305 2186 3389 modestiam,
2225 3309 2388 3377 banc
2410 3306 2809 3378 auctoritatis
2839 3332 3106 3380 manum

850 3421 1087 3513 petenti
1137 3420 1530 3494 contulimus
1585 3433 1651 3490 ut
1712 3419 2017 3510 quicquid
2083 3419 2219 3491 suis
2275 3423 2368 3493 vel
2431 3420 2704 3511 propriae
2772 3421 2950 3493 sedis
3004 3425 3102 3493 vel

847 3535 1379 3608 monasteriorum
1454 3534 1952 3625 circumquaque
2051 3534 2407 3626 positorum
2494 3536 3105 3627 congregationibus

848 3649 1089 3741 scripto
1131 3653 1314 3720 bonae
1356 3650 1697 3720 voluntatis
1728 3648 2141 3738 delegaverit,
2171 3669 2282 3739 per
2323 3672 2776 3721 successorum
2809 3666 3103 3744 tempora

850 3766 1341 3834 inconvulsam‘·
1403 3762 1649 3854 vigenS,
1689 3786 1724 3833 a
1766 3762 2024 3834 nemine
2073 3762 2289 3834 violari
2349 3763 2578 3853 possit.
2630 3767 2788 3835 Illud
2844 3788 3102 3858 quoque

860 3892 1082 3947 nostro
1114 3877 1266 3948 huic
1298 3876 1624 3968 privilegio
1646 3877 1939 3947 interseri
1970 3875 2230 3967 placuit,
2254 3891 2323 3948 ut
2353 3876 2406 3948 si
2437 3877 2668 3968 aliquis
2691 3901 2806 3971 per
2821 3893 3103 3950 retroac-

855 4006 917 4061 ta
943 4013 1258 4061 annorum
1292 3993 1607 4062 curricula
1639 4013 1845 4080 usque
1871 3992 1949 4061 ad
1992 3994 2112 4061 boc
2136 4005 2373 4061 nostrae
2402 3990 2817 4082 providentiae
2846 4005 3100 4084 tempus

847 4104 1084 4195 aliquid
1117 4128 1191 4175 ex
1231 4105 1423 4178 rebus
1449 4108 1545 4176 vel
1579 4103 1916 4196 mancipiis
1935 4104 2262 4194 jamdictae
2289 4104 2583 4177 ecclesiae
2611 4104 2899 4195 quolibet
2930 4108 3099 4178 malo

847 4233 956 4290 aut
1017 4240 1320 4310 perverso
1357 4216 1641 4309 ingenie,
1701 4222 1799 4289 vel
1879 4220 2325 4310 persecutione
2376 4218 2585 4309 aliqua
2649 4218 3028 4293 imminente
3054 4221 3093 4299 ἱ,

904 4607 1052 4662 xlx.
1080 4634 1136 4647 —
1166 4624 1212 4658 c.
1242 4606 1302 4669 Β)
1324 4606 1496 4660 abest.
1529 4634 1586 4645 —
1611 4607 1666 4657 d.
1706 4607 1763 4667 S)
1793 4607 1970 4658 Petro,
1997 4632 2059 4646 —
2087 4623 2132 4657 e.
2174 4607 2234 4668 S)
2261 4613 2399 4672 post.
2433 4633 2497 4647 —
2524 4608 2568 4672 s.
2620 4608 2679 4669 S)
2722 4607 3008 4673 quispiam.
3035 4631 3095 4647 —

846 4703 902 4753 9.
933 4687 997 4750 B)
1021 4686 1299 4737 salutaris.
1332 4711 1394 4724 —
1431 4686 1487 4736 h.
1509 4686 1569 4748 B)
1594 4685 1993 4736 inconvulsum.
2023 4712 2087 4723 —
2115 4688 2155 4736 i.
2176 4685 2232 4747 S)
2265 4685 2537 4736 innuente.
