3485 5571
1780 661 2130 723 -514-

1790 1040 2172 1103 CCCLXXlll

1729 1342 1809 1405 14
1858 1343 1991 1405 mai
2019 1340 2178 1404 1299

824 1593 1096 1649 Sentence
1116 1593 1185 1650 de
1210 1593 1459 1650 l'official
1484 1592 1555 1648 de
1583 1594 1799 1653 Nevers
1826 1592 2205 1648 condamnant
2227 1593 2441 1648 Pachin
2470 1598 2526 1648 et
2557 1594 2729 1662 Aton,
2764 1593 3074 1648 tenanciers

891 1690 968 1745 du
1024 1690 1242 1746 moulin
1291 1689 1360 1746 do
1411 1691 1676 1761 Pruynat,
1723 1691 1756 1744 a
1803 1705 1972 1762 payer
2014 1706 2087 1744 au
2129 1691 2377 1761 chapitre
2422 1690 2492 1745 de
2550 1690 2936 1747 sainte-Croix
2989 1690 3070 1744 les

889 1786 925 1841 2
968 1786 1169 1842 setiers
1198 1786 1267 1842 de
1315 1762 1595 1854 mouture,
1639 1802 1864 1842 mesure
1908 1786 1976 1841 de
2007 1787 2061 1842 la
2100 1787 2381 1856 Guerche‚
2410 1787 2577 1858 qu’ils
2601 1786 2828 1842 doivent
2859 1786 3068 1858 chaque

892 1884 1074 1940 annee
1099 1885 1130 1938 a
1160 1884 1214 1938 la
1238 1883 1553 1938 Toussaint.

1366 2031 1556 2102 (Copie
1576 2042 1678 2085 xv0
1702 2030 1892 2086 siecle.
1917 2031 2085 2086 Arch.
2119 2030 2195 2085 du
2224 2030 2415 2086 Loiret
2442 2029 2532 2095 G.)

907 2262 976 2328 ln
1020 2259 1280 2329 nomine
1319 2257 1521 2329 Patris
1562 2272 1629 2329 et
1668 2257 1804 2328 Filii
1834 2257 2193 2348 etSpiritus
2222 2257 2460 2342 Sancti,
2493 2262 2718 2327 Amen.
2747 2256 3062 2329 Universis

818 2386 1153 2462 presentes
1194 2373 1440 2442 litteras
1469 2369 1860 2462 inspecturis
1901 2369 2192 2441 officialis
2238 2369 2648 2442 Nivernensis
2688 2373 2962 2441 salutem
3005 2370 3060 2439 in

817 2487 1115 2556 Domino.
1151 2489 1375 2555 Notum
1413 2484 1683 2555 facimus
1731 2488 1901 2575 quod
1954 2507 2101 2554 cum
2143 2498 2528 2576 proponeret
2567 2483 2627 2554 in
2671 2507 2822 2574 ⁴{ure
2851 2507 3057 2555 coram

818 2598 1004 2668 nobis
1068 2611 1438 2690 procurator
1495 2598 1952 2669 venerabilium
2007 2597 2285 2670 virorum
2364 2597 2589 2669 decani
2666 2613 2730 2669 et
2803 2599 3062 2689 capituli

816 2711 1393 2797 Aurelianensium‚
1447 2713 1707 2783 nomine
1775 2713 2205 2805 procuratoris
2260 2712 2546 2804 ipsorum
2607 2727 2672 2784 et
2731 2736 2846 2805 pro
2908 2711 3061 2805 ipsis

815 2842 1017 2911 actor,
1061 2841 1278 2898 contra
1317 2827 1558 2898 dictum
1616 2827 1849 2898 Pachin
1915 2841 1977 2898 et
2031 2829 2274 2898 dictum
2330 2833 2515 2911 Aion,
2552 2830 2693 2918 ejus
2737 2844 3058 2918 nepotem,

817 2964 963 3012 reos
993 2944 1191 3032 quod,
1225 2965 1368 3012 cum
1411 2943 1563 3012 dicti
1599 2945 1886 3013 decanus
1938 2956 2003 3012 et
2032 2944 2380 3032 capitulum
2414 2940 2673 3012 nomine
2712 2965 2840 3033 quo
2881 2965 3062 3033 supra

817 3057 1095 3125 fuissent
1136 3070 1198 3126 et
1224 3070 1442 3126 essent
1482 3058 1550 3126 in
1594 3054 2008 3147 possessione
2044 3054 2434 3146 percipiendi
2469 3068 2531 3125 ct
2561 3054 2841 3126 habendi
2882 3054 3056 3126 aunis

818 3168 1088 3261 singulis
1129 3194 1326 3262 super
1364 3169 1807 3241 molendinum
1858 3172 1937 3240 de
1991 3173 2266 3261 Pruynat
2304 3193 2338 3240 a
2384 3173 2875 3261 possessoribus
2913 3170 3057 3248 dicti

818 3283 1167 3355 molendini
1209 3299 1274 3355 et
1312 3287 1389 3355 ab
1427 3284 1671 3355 eisdem
1713 3287 1878 3355 duos
1909 3283 2219 3355 sextarios
2255 3296 2539 3355 mosture
2578 3287 2656 3356 ad
2698 3306 3054 3356 mensuram

819 3401 898 3469 de
954 3400 1221 3471 Guercia
1285 3399 1451 3470 circa
1503 3402 1731 3469 festum
1799 3398 2102 3469 Omnium
2144 3402 2550 3476 Sanctorum,
2606 3396 2757 3470 dicti
2799 3398 2914 3486 rei,
2961 3397 3056 3490 qui

819 3512 1062 3584 dictum
1096 3513 1534 3585 molendinum
1575 3525 1797 3584 tenent
1825 3527 1890 3583 et
1927 3512 2288 3603 possident,
2343 3526 2688 3584 tenuerunt
2725 3527 2791 3584 et
2849 3535 3057 3604 posse·

819 3629 1052 3700 derunt
1133 3649 1303 3697 anno
1402 3625 1823 3716 nonagesimo
1903 3640 2106 3709 sexto,
2188 3623 2252 3695 iu
2338 3624 2676 3698 solucione
2753 3626 3055 3698 dictorum

819 3746 1092 3814 duorum
1146 3741 1564 3813 sexteriorum
1605 3754 1894 3811 mosture
1942 3742 2313 3811 defecerunt
2353 3754 2417 3811 et
2469 3741 2719 3811 solvere
2757 3742 3061 3812 contradi·

817 3870 996 3940 cunt,
1029 3856 1178 3928 licet
1211 3877 1408 3947 super
1444 3859 1568 3926 hoc
1608 3853 1847 3945 pluries
1882 3854 2120 3925 fuerint
2159 3852 2477 3944 requisiti,
2508 3876 2584 3926 ac
2621 3854 2769 3927 ideo
2829 3870 3060 3948 peteret

817 3968 1030 4041 dictus
1058 3981 1452 4060 procurator,
1490 3965 1752 4037 nomine
1785 3989 1911 4057 quo
1952 3989 2167 4058 supra,
2210 3989 2244 4036 a
2273 3965 2461 4037 dictis
2498 3966 2627 4038 reis
2667 3965 2879 4038 dictos
2909 3970 3060 4038 duos

820 4084 1129 4155 sexterios
1170 4096 1479 4165 mosture‚
1531 4080 1594 4151 in
1642 4103 1914 4171 quorum
1949 4082 2282 4153 solucione
2330 4083 2703 4152 defecerunt
2743 4104 2858 4173 pro
2897 4082 3060 4153 dicto

816 4221 985 4269 anno
1025 4198 1446 4288 nonagesimo
1481 4208 1684 4280 sexto,
1718 4197 1797 4265 ad
1820 4193 2304 4267 estimacionem
2328 4209 2600 4286 quatuor
2619 4194 2922 4267 librarum
2945 4194 3057 4268 sibi

814 4311 994 4384 reddi
1033 4325 1096 4383 et
1137 4310 1323 4393 solvi,
1360 4313 1425 4380 in
1451 4309 1804 4402 predictam
1849 4313 2333 4399 possessionem
2373 4311 2594 4382 reduci
2620 4325 2683 4382 et
2715 4309 2895 4402 ipsos
2920 4334 3057 4383 reos

811 4425 932 4496 sibi
973 4428 1052 4497 ad
1097 4431 1217 4496 hoc
1259 4448 1294 4495 a
1334 4422 1522 4495 nobis
1572 4421 2039 4494 sententialiter
2089 4426 2550 4515 condempnari
2596 4439 2660 4496 et
2716 4428 3058 4515 condemp-

809 4556 995 4611 natos
1024 4538 1347 4631 compelli‚
1377 4553 1440 4611 et
1472 4561 1665 4628 super
1694 4535 2027 4628 premissis
2052 4538 2175 4609 sibi
2198 4538 2523 4629 justiciam
2550 4538 2860 4624 exhiberi,
2892 4542 3057 4611 salvo

806 4654 930 4726 sibi
962 4653 1123 4746 juris
1155 4653 1493 4739 beneficio,
1523 4666 1707 4725 etc...
1754 4654 1866 4724 lite
1905 4675 2054 4724 vero
2088 4676 2284 4746 super
2307 4652 2429 4725 hiis
2457 4653 2768 4746 legittime
2805 4668 3056 4726 contes-
