3485 5571
1766 563 2120 627 —460-

818 691 1139 787 presentia
1178 694 1515 764 constituti
1544 695 1870 763 lohannes
1906 694 1985 763 de
2026 691 2442 774 Saudrevilla,
2481 694 2785 783 armiger,
2820 706 2887 762 et
2918 697 3060 763 Ysa-

818 809 1027 894 bellis,
1070 810 1210 899 ejus
1254 830 1430 891 uxor,
1477 808 1901 878 vendiderunt
1931 822 1995 877 et
2048 806 2311 877 nomine
2353 805 2750 877 vendicionis
2807 806 2873 876 iu
2930 830 3059 899 per-

817 935 1079 1014 petuum
1112 920 1537 992 liberaverunt
1570 934 1632 991 et
1668 920 2099 1011 quittaverunt
2138 919 2612 990 venerabilibus
2648 919 2801 990 viris
2828 923 3061 992 decano

817 1050 882 1109 et
920 1036 1198 1127 capitulo
1228 1034 1793 1105 Aurelianensibus
1827 1033 2180 1116 censivam,
2218 1036 2536 1106 decimam
2595 1048 2659 1129 et
2706 1034 3060 1127 campipar-

818 1164 945 1222 tem
979 1165 1047 1222 et
1085 1149 1275 1221 etiam
1314 1151 1621 1241 quicquid
1663 1147 1783 1240 ipsi
1827 1151 2136 1220 tenebant
2176 1170 2211 1218 a
2260 1151 2452 1219 domo
2503 1151 2583 1219 de
2623 1149 2913 1221 Mesnilio
2958 1150 3062 1222 Gi-

818 1266 1028 1347 raudi,
1072 1263 1433 1355 pertinente
1475 1265 1553 1333 ad
1598 1264 1949 1354 capitulum
2013 1261 2494 1343 Aurelianense,
2552 1263 3063 1356 quibuscumque

818 1382 1011 1450 rebus
1040 1376 1312 1449 existant
1340 1399 1443 1448 res
1483 1378 1770 1467 predicte
1813 1378 2067 1447 vendite
2098 1392 2162 1448 et
2201 1399 2609 1467 quocumque
2638 1378 2902 1448 nomine
2928 1403 3061 1450 cen-

818 1506 1102 1577 seantur,
1131 1494 1289 1562 sitas
1315 1495 1383 1561 in
1424 1490 1794 1562 castellania
1835 1490 2225 1581 Stempensi‚
2274 1489 2475 1582 pretio
2501 1507 2845 1582 sexagenta
2879 1492 3058 1565 libra-

818 1631 958 1677 rum
1002 1605 1479 1698 parisiensium,
1509 1607 1588 1676 de
1617 1605 1852 1695 quibus
1892 1628 2107 1676 coram
2142 1603 2328 1675 nobis
2355 1627 2426 1675 se
2452 1619 2799 1676 tenuerunt
2823 1605 3058 1698 integre

820 1743 934 1812 pro
964 1719 1234 1811 pagatis.
1278 1717 1779 1800 Renonciantes,
1821 1730 1995 1790 etc...
2040 1720 2462 1809 (Investiture
2503 1742 2616 1811 per
2646 1720 3057 1792 tradicionem

821 1837 1214 1926 presentium
1259 1833 1724 1924 litterarum)...
1773 1837 2257 1918 promittentes,
2298 1843 2471 1903 etc...
2514 1836 2718 1904 Immo
2760 1835 3058 1924 promise-

820 1962 996 2031 runt,
1036 1959 1210 2020 etc...
1256 1947 1646 2038 obligarunt,
1685 1958 1860 2020 etc...
1897 1945 2398 2031 Renunciantes,
2425 1958 2597 2019 etc...
2630 1970 2829 2039 seque
2860 1953 3056 2039 quoad

821 2065 941 2134 bec
971 2062 1400 2154 jurisdictioni
1432 2062 1907 2133 Aurelianensis
1947 2064 2125 2133 curie
2157 2064 2581 2153 supponendo
2608 2074 2672 2133 et
2710 2086 2825 2154 per
2850 2064 3053 2134 fidem.

821 2180 885 2247 ln
926 2179 1109 2268 cujus
1155 2174 1241 2246 rei
1287 2174 1658 2247 memoriam
1709 2190 1775 2247 et
1824 2174 2266 2247 testimonium
2348 2174 2760 2267 presentibus
2841 2176 3061 2247 litteris

821 2290 1097 2380 sigillum
1117 2289 1593 2361 Aurelianensis
1615 2289 1789 2361 curie
1815 2291 2113 2360 duximus
2139 2293 2616 2381 apponendum.
2645 2294 2874 2361 Datum
2902 2314 3057 2362 anno

820 2402 1075 2475 Domini
1134 2407 1438 2475 MCCLXX
1485 2418 1735 2487 octavo,
1800 2403 1903 2475 die
1979 2403 2300 2475 dominica
2374 2403 2439 2473 in
2495 2401 2710 2494 vigilia
2772 2408 3064 2496 Assump-

822 2517 1029 2589 cionis
1061 2522 1245 2590 beate
1279 2517 1464 2590 Marie
1501 2516 1806 2609 Virginis,
1852 2540 2076 2589 mense
2102 2531 2399 2609 augusto.

2650 2631 2842 2697 Anu.

1779 2919 2109 2982 CCCXLlll

1416 3197 1737 3275 BourgeS,
1774 3193 1846 3254 21
1894 3195 2274 3275 septembre
2320 3192 2474 3256 1278

826 3428 966 3498 Guy,
999 3426 1347 3498 archeveque
1377 3426 1446 3481 de
1476 3425 1751 3496 Bourges,
1780 3425 2071 3481 reconnalt
2103 3425 2185 3481 lec
2214 3424 2447 3481 libertes
2474 3425 2545 3480 de
2570 3424 2783 3495 l’eglise
2827 3424 2900 3481 de
2952 3426 3058 3483 Ma·

895 3540 992 3594 ray
1011 3528 1061 3578 et
1091 3524 1326 3579 restitue
1358 3524 1391 3577 tl
1427 3520 1810 3577 l’archidiacre
1848 3521 1917 3577 de
1965 3522 2122 3592 Sully
2170 3520 2241 3576 10
2286 3536 2420 3578 sous
2474 3522 2729 3578 tournois
2776 3522 3060 3579 indument

896 3619 1080 3690 exiges
1110 3636 1329 3675 comme
1359 3623 1533 3691 quete
1559 3618 1634 3674 du
1663 3619 1799 3675 cure
1830 3619 1900 3673 de
1937 3620 2146 3688 Maray.

1337 3768 1517 3837 (Orig.
1549 3785 1596 3824 s.
1625 3767 1822 3840 purch.
1853 3766 2024 3822 Arch.
2058 3765 2136 3822 du
2166 3765 2378 3837 Loirot‚
2418 3764 2512 3834 G.)
2536 3763 2557 3801 ¹

919 3966 988 4032 ln
1029 3962 1289 4034 nomine
1317 3959 1574 4033 Domini
1611 3966 1837 4033 Amen.
1872 3965 2055 4032 Anno
2083 3963 2377 4053 ejusdem
2408 3958 2663 4032 Domini
2726 3958 3059 4033 millesimo

828 4079 1273 4150 ducentesimo
1298 4075 1775 4168 septuagesimo
1798 4091 2049 4160 octavo,
2082 4098 2305 4148 mense
2337 4078 2753 4167 septembris,
2781 4074 2884 4146 die
2911 4097 3061 4146 mer·

829 4191 987 4264 curii
1009 4192 1299 4283 ejusdem
1331 4189 1575 4262 mensis
1605 4191 1668 4261 in
1699 4193 1867 4262 festo
1912 4192 2081 4262 beati
2119 4191 2345 4262 Mathei
2375 4189 2675 4281 apostoli,
2719 4190 3059 4261 indictione

902 4505 921 4541 ¹
963 4505 1155 4652 ⁶⁰54}
1162 4506 1238 4562 du
1264 4508 1451 4563 meme
1478 4511 1619 4575 acte,
1649 4506 1810 4562 datee
1839 4506 1915 4561 du
1941 4505 1978 4562 3
1999 4506 2139 4561 avril
2169 4503 2330 4576 1410,
2362 4521 2471 4561 aux
2514 4506 2789 4564 Archives
2830 4506 2905 4563 du
2947 4504 3055 4563 Loi-

835 4600 920 4652 ret
948 4595 1016 4653 G.
1158 4636 1173 4650 .
