3485 5571
1785 635 2136 699 ...204-

1862 1013 2048 1076 CXXI

1871 1289 2034 1352 1199

880 1571 1006 1627 Don
1046 1583 1118 1623 au
1165 1566 1416 1638 chapitre
1461 1581 1564 1637 par
1608 1563 1794 1620 l’abbe
1836 1562 1907 1618 de
1953 1563 2191 1619 Vierzon
2238 1563 2336 1619 des
2380 1562 2655 1619 oblatione
2704 1562 2774 1619 de
2820 1563 3038 1635 l’eglise

1795 1660 1865 1715 de
1898 1660 2121 1716 Nouan.

1405 1803 1581 1875 (Orig.
1613 1803 1885 1859 Archives
1913 1803 1991 1859 du
2019 1803 2233 1871 Loiret‚
2268 1803 2335 1861 G.
2366 1802 2519 1863 356).

922 2047 1054 2133 Ego
1075 2044 1465 2127 willelmus,
1493 2045 1691 2114 abbas
1730 2045 1812 2115 de
1839 2041 2162 2125 Virsione,
2206 2053 2509 2133 totusque
2547 2055 2906 2115 conventus
2953 2055 3082 2113 tam

837 2155 1245 2249 presentibus
1275 2178 1463 2247 quam
1509 2154 1735 2228 luturis
1776 2170 2001 2227 notum
2041 2154 2177 2226 fieri
2216 2158 2514 2226 volumus
2579 2157 2750 2244 quod
2820 2176 3086 2226 venera-

833 2269 943 2342 bili
980 2270 1188 2343 amico
1226 2284 1447 2344 nostro
1467 2269 1767 2355 Johanni,
1793 2269 2236 2341 Aurelianensi
2263 2270 2750 2354 archidiacone,
2780 2267 3075 2341 obtinere

833 2383 898 2456 in
924 2399 1302 2478 perpetuum
1342 2388 1762 2460 concedimus
1803 2397 1868 2457 et
1893 2383 2098 2476 ipsius
2120 2383 2610 2457 successoribus
2649 2405 2878 2456 omnes
2897 2385 3080 2454 obla-

836 2501 1048 2573 tiones
1079 2523 1240 2592 quas
1279 2502 1346 2571 in
1410 2499 1592 2572 altari
1653 2502 1736 2571 de
1792 2503 1993 2570 Noem
2038 2500 2479 2591 capiebamus,
2537 2521 2697 2589 quas
2770 2521 2844 2570 ex
2910 2500 3084 2569 dono

837 2612 1151 2700 Gimonis,
1191 2617 1516 2706 quondam
1577 2612 1780 2686 nostri
1853 2612 2084 2684 redditi
2133 2626 2199 2684 et
2266 2615 2435 2705 apud
2503 2633 2627 2683 nos
2680 2609 2948 2703 sepulti,
3015 2624 3078 2683 et

833 2751 909 2802 ex
938 2730 1109 2801 dono
1149 2727 1316 2800 Petri
1355 2731 1438 2801 de
1463 2727 1736 2815 Oliveto,
1769 2726 1983 2800 fratris
2030 2728 2195 2819 ejus,
2234 2725 2709 2799 obtinebamus.
2758 2728 2834 2799 Ut
2863 2738 3079 2798 antem

833 2847 954 2915 hec
984 2855 1200 2915 nostra
1240 2842 1579 2916 concessio
1633 2854 2004 2935 perpetuam
2072 2840 2380 2914 sortiatur
2444 2839 2881 2925 stabilitatem,
2922 2861 3082 2934 ιιι-ω-

836 2980 988 3029 sens
1020 2957 1327 3049 scriptum
1372 2956 1522 3029 inde
1579 2956 1714 3030 lieri
1767 2970 1832 3029 et
1865 2954 2055 3049 sigilli
2104 2955 2306 3028 nostri
2369 2952 2725 3027 munimine
2765 2953 3081 3027 voluimus

838 3070 1146 3144 roborari.
1191 3076 1417 3144 Actum
1447 3095 1618 3146 anno
1656 3071 1857 3164 gratie
1897 3074 2105 3143 MCXC
2145 3093 2346 3145 nono.

1852 3431 2066 3493 CXXI!

1885 3710 2042 3775 1200

841 3934 1222 4007 Approbation
1250 3952 1343 4008 par
1373 3936 1755 3992 l’archidiacre
1779 3939 1807 3993 J
1812 3952 1917 3993 ean
1938 3935 2015 3992 du
2033 3935 2145 3992 don
2169 3936 2265 3993 fait
2284 3953 2389 4008 par
2408 3937 2660 4008 Hugues,
2675 3936 2888 4010 eveqne
2915 3938 3078 3994 d’Or-

869 4030 1048 4104 leans,
1069 4032 1101 4087 a
1124 4032 1333 4103 l’eglise
1358 4035 1427 4089 de
1443 4036 1680 4104 Jargeau
1701 4034 1778 4090 du
1803 4034 1951 4091 droit
1965 4036 2035 4090 de
2051 4040 2363 4107 pati-onage
2383 4022 2452 4091 de
2482 4036 2696 4107 l’eglise
2726 4036 2794 4092 de
2822 4034 3040 4092 Nouan.

1443 4180 1623 4250 (Orig.
1656 4181 1826 4237 Arcb.
1859 4180 1935 4236 du
1966 4180 2178 4250 Loiret,
2216 4181 2283 4238 G.
2311 4180 2463 4250 356).

921 4402 1054 4491 Ego
1082 4403 1433 4484 Johannes‚
1471 4401 1748 4474 ecclesie
1788 4407 2020 4474 Sancte
2089 4400 2311 4473 Crucis
2353 4402 2835 4475 Aurelianensis
2875 4400 3077 4475 archi-

846 4513 1179 4598 diaconus,
1223 4528 1446 4586 notum
1486 4514 1619 4586 fieri
1658 4519 1802 4587 volo
1838 4531 1963 4587 tam
1995 4515 2404 4608 presentibus
2426 4540 2613 4607 quam
2648 4515 2879 4589 tuturis
2908 4517 3072 4607 quod

845 4651 995 4700 cum
1022 4628 1407 4701 venerabilis
1470 4644 1650 4723 pater
1694 4634 1902 4722 Hugo,
1941 4629 2417 4703 Aurelianensis
2451 4630 2825 4724 episcopus,
2866 4652 3074 4704 assen-
