3485 5571
1702 684 2057 747 -516—

1704 1010 2029 1071 CCCLXXl

1639 1259 1715 1322 14
1766 1259 1922 1321 aout
1969 1258 2124 1321 1300

759 1473 1099 1529 Revocation
1125 1471 1193 1526 de
1240 1473 1294 1526 la
1332 1477 1597 1526 sentence
1625 1470 2228 1527 d'excommunication
2274 1471 2466 1543 portee
2510 1486 2655 1542 pour
2699 1468 2786 1523 vot
2817 1474 3006 1523 contre

832 1569 913 1624 les
938 1568 1328 1623 envahisseurs
1353 1567 1422 1622 de
1451 1569 1503 1622 la
1536 1567 1755 1622 maison
1783 1567 1852 1622 de
1892 1567 2125 1622 Gautier
2154 1566 2224 1622 de
2257 1567 2522 1622 Beaut'ort
2565 1571 2621 1620 et
2658 1564 2811 1619 leurs
2856 1580 3008 1619 com-

872 1665 1029 1719 lices.

832 1681 870 1734 p
1224 1760 1397 1829 (Orig.
1431 1777 1477 1815 Β.
1516 1759 1708 1830 parch.
1748 1759 1913 1814 Arch.
1952 1758 2029 1814 du
2058 1758 2262 1828 Loiret‚
2294 1760 2359 1814 G.
2392 1755 2549 1825 483.)

851 1947 1155 2018 Olficialis
1186 1945 1361 2018 curie
1387 1946 1863 2017 Aurelianensis
1890 1946 2192 2017 omnibus
2222 1945 2620 2038 presbiteris,
2655 1949 3002 2039 prioribuS,

762 2060 1108 2152 capellanis
1147 2063 1509 2151 ceterisque
1544 2060 1960 2132 ecclesiarum
2003 2064 2387 2140 rectoribus,
2426 2084 2680 2131 necnon
2708 2061 3006 2131 omnibus

762 2175 1133 2246 doctoribus
1199 2174 1261 2244 in
1325 2197 1706 2265 quacunque
1747 2177 2045 2245 facultate
2090 2174 2445 2246 Aurelianis
2488 2174 2889 2265 regentibus,
2933 2177 3006 2245 ad

760 2313 923 2382 quos
965 2301 1297 2380 presentes
1351 2288 1557 2359 littere
1609 2288 2038 2380 pervenirent,
2083 2291 2353 2359 salutem
2400 2288 2463 2358 in
2506 2288 2807 2359 Domino.
2854 2292 3008 2359 Cum

762 2428 880 2475 nos
911 2428 983 2474 ex
1026 2417 1202 2494 parte
1235 2405 1546 2473 Johannis
1587 2405 1664 2474 de
1714 2401 2140 2486 monasteriis,
2204 2402 2415 2473 clerici
2476 2419 2537 2474 et
2581 2402 3008 2494 procuratoris

758 2516 1141 2589 venerabilis
1218 2516 1333 2587 viri
1403 2515 1689 2607 magistri
1748 2517 1978 2587 Galteri
2059 2519 2137 2588 de
2212 2519 2562 2601 Bellolorti,
2631 2516 3008 2587 thesaurarii

761 2631 1162 2714 Morinensis,
1227 2630 1485 2702 nomine
1549 2631 2012 2722 procuratorio,
2059 2634 2533 2721 querimoniam
2574 2632 3010 2723 receperimus

760 2746 1196 2817 continentem
1226 2749 1394 2838 quod
1436 2769 1580 2817 cum
1627 2745 1736 2816 viri
1792 2748 2191 2818 venerabiles
2226 2748 2510 2818 decanus
2541 2762 2605 2819 et
2659 2749 3008 2840 capitulum

760 2860 1232 2931 Aurelianensis
1262 2863 1564 2942 ecclesie,
1593 2860 1929 2932 associatis
1961 2859 2082 2932 sibi
2111 2859 2362 2932 clericis
2387 2865 2676 2953 ejusdem
2706 2863 3007 2944 ecclesie,

758 2975 1190 3047 accessissent
1233 2978 1310 3045 de
1369 2998 1534 3044 novo
1589 2977 1666 3045 ad
1710 2977 1972 3045 domum
2032 2999 2220 3066 quam
2285 2974 2639 3047 inhabitare
2677 2977 3009 3049 consuevit

760 3091 1081 3159 discretus
1158 3089 1252 3158 vir
1340 3088 1645 3179 magister
1726 3091 2015 3159 Galterus
2089 3091 2170 3160 de
2247 3092 2571 3161 Bellolorti
2656 3091 3005 3182 predictus,

760 3200 1150 3290 domumque
1179 3200 1383 3289 ipsam
1412 3197 1468 3267 vi
1509 3195 1912 3280 introissent,
1943 3211 2006 3268 et
2033 3221 2179 3268 cum
2210 3198 2374 3289 ipsis
2406 3201 2620 3291 plures
2653 3197 3007 3289 iniquitatis

762 3313 896 3401 tilii,
942 3314 1160 3384 clerici
1215 3327 1277 3383 et
1333 3312 1499 3395 laici,
1550 3315 1812 3403 quidam
1872 3335 1946 3383 ex
1988 3311 2173 3404 ipsiS,
2212 3317 2418 3385 Deum
2460 3336 2570 3406 pre
2630 3315 2844 3385 oculis
2882 3338 3006 3384 nou

762 3430 1100 3510 habentes,
1167 3415 1363 3497 multa
1414 3429 1496 3498 de
1554 3425 1742 3497 bonis
1804 3426 1955 3497 dicti
2013 3427 2443 3519 procuratoris
2498 3442 2562 3498 et
2618 3430 2865 3499 domini
2912 3428 3006 3499 sui

764 3542 989 3612 lurtive
1015 3540 1471 3631 subripuerunt
1506 3554 1571 3613 et
1618 3554 2072 3630 asportarunt;
2121 3564 2369 3632 nosque
2430 3540 2786 3614 monitione
2827 3566 3007 3614 man-

766 3659 1101 3726 dassemus
1140 3654 1655 3727 malefactoribus
1713 3655 2082 3746 hujusmodi
2128 3671 2194 3725 ut
2233 3655 2369 3747 ipsa
2399 3655 2567 3728 dicta
2605 3659 2775 3728 bona
2834 3662 3007 3729 subs·

768 3786 966 3841 tracta
1000 3772 1228 3840 furtive
1270 3793 1380 3860 per
1430 3771 1609 3860 ipsos
1650 3771 1993 3841 redderent
2030 3773 2173 3841 loco
2216 3770 2533 3841 dictorum
2582 3772 3006 3861 procuratoris

766 3899 829 3957 et
867 3883 1107 3956 domini
1141 3882 1265 3968 sui,
1325 3898 1387 3954 et
1445 3882 1725 3954 scientes
1765 3881 1941 3974 ipsos
2006 3887 2447 3956 malefactores
2506 3884 2694 3976 priori
2751 3890 3004 3957 fratrum

767 3997 1242 4071 Predicatorum
1280 4000 1660 4081 revelarent,
1709 3981 1990 4089 alioquin
2049 4021 2167 4069 nos
2222 4000 2488 4090 [contra]
2536 4013 2663 4070 tam
2719 4004 3006 4073 maletac-

766 4129 939 4186 tores
978 4136 1168 4205 quam
1212 4111 1495 4183 scientes
1548 4111 1933 4183 sententiam
1988 4112 2671 4185 excommunicationis
2735 4118 3008 4207 protule-

764 4229 997 4311 rimuS,
1019 4251 1137 4300 nos
1156 4225 1472 4319 predictas
1503 4226 1936 4297 monicionem
1959 4239 2023 4296 et
2050 4226 2733 4300 excommunicationis
2753 4243 3008 4301 senteu-

764 4344 941 4430 tiam,
1007 4366 1080 4415 ex
1141 4364 1335 4412 causa
1406 4341 1551 4432 quia
1617 4343 1697 4411 de
1754 4343 1923 4411 turto
1982 4339 2087 4411 lati
2171 4355 2348 4428 sunt,
2422 4341 2484 4410 in
2575 4341 2698 4414 hiis
2755 4344 3005 4437 scriptis

763 4480 1182 4542 revocamus;
1226 4458 1392 4548 quod
1436 4454 1734 4527 omnibus
1758 4476 2035 4544 quorum
2068 4453 2336 4527 interest
2363 4470 2585 4528 tenore
2615 4460 3005 4548 presentium

762 4569 1162 4642 intimamus.
1207 4575 1437 4641 Datum
1479 4567 1802 4641 dominica
1841 4567 1946 4641 die
1978 4566 2041 4638 in
2086 4568 2292 4660 vigilia
2315 4571 2801 4662 Assumpcionis
2829 4578 3004 4647 beate

763 4690 955 4760 Marie
993 4685 1297 4778 Virginis,
1324 4709 1494 4758 auno
1533 4683 1794 4759 Domini
1835 4682 2181 4759 millesimo
2222 4685 2704 4762 trecentesimo.
