3485 5571
1669 651 1984 714 -34-

709 778 887 850 toriis
919 782 1093 869 juste
1159 794 1223 850 et
1286 777 1575 871 legaliter
1615 794 1961 849 memorata
2002 793 2177 849 tenet
2211 780 2511 862 ecclesia,
2556 802 2673 851 nec
2714 779 2776 849 in
2843 804 2954 851 eas

704 916 809 964 res
849 917 991 983 quae
1032 892 1338 983 deinceps
1407 916 1441 962 a
1502 892 1837 963 chatolicis
1915 891 2121 963 eidem
2200 896 2471 963 conlatae
2548 892 2804 976 luerint,
2872 896 2953 964 ad

703 1029 933 1078 causas
1008 1007 1385 1093 audiendas,
1431 1010 1528 1078 vel
1586 1010 1758 1078 freda
1826 1005 2240 1096 requirenda,
2305 1021 2413 1077 aut
2480 1007 2789 1077 tributum
2855 1009 2952 1078 vel

705 1124 986 1192 bannum
1027 1123 1439 1210 exigendum,
1481 1134 1589 1191 aut
1629 1120 2003 1192 mansiones
2032 1120 2095 1189 in
2157 1119 2481 1211 praedictis
2548 1120 2953 1193 monasteriis

703 1258 817 1307 seu
861 1234 1024 1306 villis
1052 1233 1486 1326 accipiendaS,
1559 1249 1668 1306 aut
1736 1233 1802 1304 in
1873 1234 2319 1305 mansionibus
2397 1232 2555 1305 inl'ra
2633 1234 2951 1306 civitatem

702 1372 894 1440 super
935 1363 1165 1421 terram
1207 1347 1409 1440 ipsius
1451 1347 1704 1441 positis,
1746 1361 1854 1419 aut
1917 1365 2165 1439 paratas
2219 1348 2570 1433 laciendaS,
2628 1362 2738 1420 aut
2801 1350 2954 1419 fide-

694 1468 992 1556 jussores
1032 1466 1376 1551 tollendos,
1410 1478 1521 1536 aut
1559 1463 1855 1535 homines
1881 1464 2085 1555 ipsius
2123 1467 2421 1537 ecclesiae
2462 1479 2592 1537 tam
2629 1469 2951 1555 ingenuos

699 1602 890 1671 quam
957 1582 1224 1650 colonos
1302 1602 1496 1670 super
1578 1577 1782 1670 ipsius
1855 1591 2088 1650 terram
2149 1592 2634 1651 commanentes
2691 1577 2949 1650 distrin-

699 1696 969 1784 gendoS,
1014 1715 1131 1765 seu
1168 1693 1326 1764 alias
1376 1692 1796 1764 redibitiones
1837 1709 1946 1765 aut
2003 1692 2284 1765 inlicitas
2351 1693 2731 1765 occasiones
2773 1716 2951 1784 quae·

694 1809 954 1894 rendaS,
994 1807 1233 1878 nostris
1287 1820 1351 1878 et
1383 1805 1610 1877 futuris
1664 1807 2060 1899 temporibus
2102 1820 2324 1879 contra
2353 1812 2744 1880 voluntatem
2788 1830 2949 1900 pon-

696 1921 884 1992 tificis
955 1919 1158 2012 ipsius
1232 1923 1527 1993 ecclesiae
1602 1920 1850 2013 ingredi
1915 1924 2168 1993 audeat.
2239 1925 2361 1993 Sed
2416 1921 2606 1994 liceat
2683 1924 2951 2013 praefato

698 2036 949 2128 praesuli
1003 2037 1266 2126 suisque
1325 2034 1817 2107 successoribus
1882 2058 1986 2108 res
2051 2036 2373 2128 praedictae
2439 2034 2758 2119 ecclesiae,
2802 2058 2948 2107 cum

696 2154 889 2221 rebus
928 2153 1004 2222 ad
1046 2172 1183 2221 eam
1220 2150 1715 2241 pertinentibnS,
1763 2174 1891 2222 una
1938 2174 2083 2222 cum
2137 2149 2373 2222 telonei
2435 2152 2803 2233 medietate,
2884 2164 2949 2220 et

698 2281 876 2357 porta
931 2265 1273 2347 Parisiaca,
1326 2287 1579 2336 necnon
1638 2280 1703 2337 et
1776 2270 2100 2356 posterula
2131 2280 2157 2310 υ
2205 2269 2379 2357 juxta
2440 2268 2701 2336 domum
2745 2263 2951 2356 ipsius

699 2379 931 2471 posita,
975 2380 1140 2450 sicut
1213 2379 1273 2448 in
1349 2381 1688 2471 praeceptis
1735 2393 2225 2451 antecessorum
2269 2394 2634 2451 nostrorum
2669 2393 2794 2449 tam
2828 2378 2945 2448 im-

702 2510 1064 2585 peratorum
1106 2517 1294 2583 quam
1325 2507 1607 2584 regum-‘⁰
1646 2498 2031 2565 Francorum
2059 2493 2452 2578 continetur,
2495 2496 2618 2565 sub
2660 2490 2949 2564 tuitionis

704 2622 936 2679 nostrae
963 2621 1155 2698 atque
1194 2607 1619 2678 immunitatis
1653 2610 2030 2680 defensione
2069 2609 2452 2680 consistere.
2497 2610 2656 2678 Illud
2692 2629 2948 2698 quoque

696 2724 870 2811 juxta
939 2745 1179 2794 morem
1259 2725 1809 2814 praedecessorum
1898 2736 2263 2795 nostrorum
2335 2736 2553 2795 nostro
2630 2736 2950 2815 praecepto

704 2836 997 2908 interseri
1039 2835 1301 2927 placuit,
1364 2850 1432 2906 ut
1497 2836 1549 2907 si
1609 2837 1843 2929 aliquis
1913 2861 2025 2928 per
2089 2851 2184 2909 tot
2244 2860 2557 2908 annorum
2596 2838 2941 2919 curricula,

705 2949 765 3020 id
806 2966 906 3022 est
966 2975 1000 3021 a
1065 2964 1356 3041 tempore
1432 2949 1633 3041 Magni
1697 2950 1908 3022 Karoli
1970 2975 2175 3042 usque
2233 2955 2310 3022 ad
2352 2956 2474 3022 hoc
2533 2965 2810 3042 tempus,
2875 2973 2951 3022 ex

706 3067 898 3136 rebus
937 3080 1000 3134 et
1041 3065 1377 3156 mancipiis
1412 3065 1736 3156 jamdictae
1768 3067 2094 3150 ecclesiae,
2135 3068 2420 3157 quolibet
2483 3069 2649 3136 malo
2689 3063 2950 3155 ingenio

710 3181 802 3249 vel
836 3177 1280 3269 persecutione
1304 3176 1514 3268 aliqua
1568 3177 1970 3265 imminente,
2052 3202 2166 3252 seu
2235 3178 2527 3250 tarditate
2588 3191 2698 3248 aut
2750 3175 2951 3269 negli-

706 3292 918 3382 gentia
990 3290 1481 3376 interveniente,
1546 3291 1906 3363 invadendo
1999 3308 2108 3363 ant
2204 3294 2638 3364 subtrahendo
2713 3288 2950 3382 aliquid

706 3405 993 3487 abstulit,
1037 3409 1134 3476 vel
1168 3407 1225 3475 si
1257 3405 1523 3495 quilibet
1555 3430 1627 3477 ex
1671 3405 1993 3497 praedictae
2043 3405 2336 3477 ecclesiae
2376 3403 2713 3496 mancipiis
2750 3402 2953 3494 qnali-

707 3523 815 3590 bet
855 3524 1177 3591 voluntate
1206 3543 1500 3612 perversa
1533 3544 1567 3590 a
1600 3519 1859 3591 servitio
1928 3521 2132 3612 ipsius
2172 3543 2242 3592 se
2283 3519 2624 3590 occultavit
2653 3522 2747 3589 vel
2805 3521 2955 3589 sub·

708 3633 915 3717 traxit,
960 3648 1024 3704 et
1054 3637 1176 3703 hoc
1210 3636 1508 3725 praelatus
1556 3636 1854 3705 ecclesiae
1916 3636 2270 3725 adprobare
2305 3630 2632 3704 advocatis
2670 3631 2954 3703 accersi-

711 3745 790 3816 tis
831 3749 927 3817 vel
966 3746 1237 3817 testibus
1278 3745 1545 3837 ydoneis
1576 3747 1882 3839 potuerit,
1916 3745 2000 3816 ita
2032 3768 2143 3837 per
2173 3748 2295 3816 boc
2320 3759 2557 3816 nostrae
2595 3742 2951 3814 altitudinis

711 3872 1100 3949 praeceptum
1163 3861 1409 3948 absque
1473 3857 1684 3949 aliqua
1746 3857 2050 3929 dilatione
2087 3860 2423 3948 adprobet,
2475 3869 2542 3926 ut
2580 3854 2952 3946 integrumv

709 3996 851 4063 quae
892 3995 1006 4043 sua
1038 3973 1270 4042 fuerint
1307 3971 1446 4063 ipsa
1478 3971 1742 4063 recipiat
1780 3971 2052 4043 ecclesia
2099 3971 2239 4042 sine
2277 3971 2549 4062 alicujus
2592 3967 2953 4041 contradic-

712 4086 884 4189 tione
923 4102 1031 4157 aut
1071 4085 1548 4178 intermissione
1589 4085 1948 4177 potestatis.
2020 4083 2241 4156 Attulit
2291 4083 2481 4155 etiam
2539 4081 2726 4155 nobis
2793 4107 2954 4174 prae-

709 4204 875 4272 l'atus
917 4200 1196 4291 pontifex
1236 4199 1633 4292 privilegium
1662 4204 1914 4270 Sanctae
1945 4204 2244 4271 Romanae
2281 4197 2606 4277 Ecclesiae,
2641 4220 2678 4268 a
2714 4199 2951 4267 domno

710 4311 944 4383 Marino
972 4337 1129 4404 papa
1162 4317 1516 4386 orthodoxo
1557 4316 1793 4384 lactum
1834 4326 1899 4383 et
1936 4314 2408 4398 confirmatum,
2443 4324 2507 4382 et
2555 4323 2948 4401 praeceptum

765 4669 1024 4720 XXXIX.
1064 4696 1120 4707 —
1146 4686 1199 4719 υ.
1228 4670 1526 4734 portet-ula.
1556 4684 1700 4720 -ω,
1742 4675 1852 4719 tam
1883 4683 1931 4719 r.
1971 4682 2028 4732 q.
2062 4667 2194 4732 imp.
2233 4692 2295 4705 —
2325 4681 2388 4732 y.
2425 4665 2478 4716 in
2508 4665 2798 4730 integrum.
