3485 5571
1732 570 2007 632 ...8-

740 714 805 772 et
874 701 1184 771 concedo.
1265 702 1558 769 Preterea
1634 720 1751 789 pro
1822 697 2211 790 supradictis
2286 697 2632 769 animabus
2700 698 3004 771 similiter

742 816 1033 893 concedo
1099 816 1335 884 donum
1404 813 1595 882 unius
1674 811 1870 883 modii
1949 813 2125 885 ordei
2193 817 2363 903 quod
2435 816 2737 884 Radulfus
2803 837 2995 885 meus

740 941 924 1020 pater
984 929 1248 998 dederat
1329 928 1744 1017 perhenniter
1785 926 2140 1017 presbitero
2193 926 2470 999 ecclesie
2536 930 2615 999 de
2683 931 2991 1013 Cravenz‚

740 1066 860 1114 nec
926 1041 1069 1113 ideo
1142 1039 1355 1110 minus
1413 1039 1477 1109 in
1531 1063 1671 1111 mea
1726 1040 2019 1112 custodia
2062 1044 2312 1113 habebo
2351 1042 2623 1139 clientes
2690 1042 2981 1133 episcopi

740 1154 1093 1225 Aurelianis
1135 1154 1280 1245 (sic)
1311 1155 1476 1244 apud
1516 1156 1816 1224 Crevenz.
1862 1158 2090 1224 Notum
2144 1153 2227 1225 sit
2288 1154 2477 1225 etiam
2522 1156 2691 1244 quod
2740 1178 2861 1246 ego
2909 1158 3000 1226 do

686 1326 687 1335 ,
738 1267 1016 1340 ecclesie
1080 1271 1317 1338 Sancte
1385 1266 1607 1337 Crucis
1672 1265 2019 1338 Guarinum
2053 1271 2132 1338 de
2171 1273 2479 1352 Crevenz,
2538 1267 2810 1339 liberum
2867 1273 2997 1340 bo-

742 1381 1011 1464 minem,
1058 1395 1131 1452 ut
1170 1381 1252 1451 sit
1292 1379 1497 1452 cliens
1538 1385 1771 1452 Sancte
1824 1379 2046 1452 Crucis
2110 1385 2278 1473 apud
2341 1385 2637 1453 Crevent.
2707 1385 3000 1454 Preterea

751 1520 872 1588 ego
934 1495 1154 1567 Simon
1221 1499 1302 1566 de
1361 1495 1782 1587 Balgenciaco
1851 1519 1964 1587 pro
2050 1494 2294 1567 eisdem
2343 1496 2681 1567 animabus
2745 1500 2996 1568 affirmo

747 1625 812 1681 et
850 1612 1137 1682 concedo
1191 1609 1550 1680 libertatem
1606 1609 1776 1680 sicut
1824 1608 2059 1701 scripta
2100 1625 2199 1680 est
2254 1633 2444 1700 quam
2508 1632 2691 1681 meus
2729 1634 2884 1682 avus
2920 1625 2989 1681 et

748 1727 1055 1796 Radull'us
1096 1746 1280 1797 meus
1343 1731 1524 1816 pater
1563 1726 1879 1795 dederunt
1933 1728 2214 1795 Huberto
2277 1727 2358 1795 de
2418 1729 2654 1816 Noyem
2718 1740 2782 1796 et
2845 1723 2995 1795 filiis

746 1853 811 1911 ct
850 1837 1102 1909 filiabus
1138 1839 1276 1908 suis
1338 1840 1419 1908 de
1483 1860 1605 1928 qua
1669 1837 1959 1908 libertate
2009 1840 2292 1930 prefatus
2353 1841 2672 1909 Hubertus
2734 1852 2868 1909 erat
2922 1838 2989 1908 in

742 1976 935 2024 causa
999 1952 1063 2021 in
1124 1950 1247 2023 vita
1311 1951 1569 2022 domine
1636 1951 2024 2034 Adenordis‚
2116 1954 2434 2022 Hubertus
2514 1973 2665 2023 vero
2748 1950 2988 2044 pepigit

734 2069 905 2158 quod
970 2080 1229 2159 propter
1306 2069 1715 2137 benefactum
1785 2065 2044 2137 domine
2114 2065 2470 2137 Adeuordis
2527 2068 2764 2137 faceret
2823 2089 2983 2137 can-

736 2197 870 2253 tare
950 2185 1047 2252 CC
1124 2180 1352 2253 missas
1423 2194 1487 2252 et
1561 2192 1856 2271 pasceret
1933 2183 1979 2249 C
2056 2202 2391 2272 pauperes
2475 2185 2769 2252 Preterea
2866 2204 2984 2272 ego

742 2298 1026 2387 prefatus
1068 2296 1288 2366 Simon
1329 2297 1412 2365 do
1443 2298 1580 2366 Deo
1619 2307 1683 2365 et
1720 2293 1999 2365 ecclesie
2041 2298 2273 2365 Sancte
2327 2294 2705 2391 Crucisxpro
2744 2317 2885 2366 mea
2925 2309 2990 2365 et

742 2409 988 2482 Radull‘t
1033 2409 1154 2480 mei
1205 2411 1404 2500 patris
1456 2422 1520 2480 et
1576 2407 1836 2479 domiue
1878 2406 2232 2480 Adenordis
2293 2423 2357 2481 et
2396 2407 2520 2480 mei
2579 2407 2836 2480 heredis
2875 2409 2980 2500 qui

743 2530 866 2597 boc
909 2529 1146 2597 donum
1196 2537 1596 2595 concesserit
1633 2524 1975 2595 animabus
2029 2547 2222 2595 omne
2271 2523 2424 2593 illud
2467 2525 2636 2614 quod
2680 2525 2992 2595 habebam

739 2640 802 2710 in
879 2639 1005 2711 filia
1098 2641 1435 2730 cujusdam
1526 2637 1807 2709 bominis
1881 2638 2295 2709 sacristarum
2381 2639 2658 2710 ecclesie
2725 2624 2992 2708 ‘Sancte

738 2753 959 2826 Crucis
1017 2768 1082 2826 et
1142 2767 1401 2845 propter
1436 2757 1560 2825 hoc
1619 2754 1844 2844 prefati
1900 2752 2172 2824 sacriste
2214 2754 2560 2844 pulsabunt
2598 2739 2869 2824 cimbala
2916 2750 2982 2822 in

743 2890 884 2938 meo
928 2881 991 2938 et
1050 2867 1299 2938 Radulsi
1367 2866 1489 2938 mei
1568 2866 1768 2958 patris
1844 2879 1909 2937 et
1977 2865 2235 2937 domine
2299 2864 2655 2936 Adenordis
2720 2879 2785 2937 et
2860 2868 2993 2936 mei

746 2981 1004 3053 heredis
1043 2980 1147 3071 qui
1211 2984 1332 3052 hoc
1391 2983 1631 3052 donum
1699 2979 2098 3051 concesserit
2159 2979 2619 3050 anniversario.
2699 2984 2995 3051 Preterea

742 3120 861 3188 ego
924 3095 1251 3187 predictus
1318 3095 1538 3167 Simon
1603 3098 1775 3166 dono
1861 3094 2191 3166 annuatim
2261 3097 2323 3165 in
2374 3109 2758 3186 perpetuum
2835 3096 2997 3164 duas

745 3210 942 3281 libras
1007 3232 1153 3281 cere
1237 3213 1315 3281 ad
1383 3209 1753 3281 faciendum
1822 3212 1985 3280 duos
2063 3231 2288 3284 cereos
2365 3211 2445 3279 ad
2509 3207 2999 3279 illuminandum

743 3328 939 3396 altare
994 3329 1230 3395 Sancte
1273 3323 1495 3394 Crucis
1563 3325 1627 3393 iu
1683 3325 1977 3414 ejusdem
2021 3322 2412 3410 inventione,
2461 3323 2705 3395 scilicet
2747 3328 2797 3393 V
2851 3322 2999 3392 idus

755 3437 927 3523 maii,
1012 3438 1119 3528 qui
1192 3460 1266 3508 ex
1337 3460 1465 3527 quo
1534 3435 1784 3507 incensi
1857 3425 2094 3507 fuerint
2158 3460 2485 3527 nunquam
2551 3436 3003 3528 extinguentur

749 3550 1052 3642 quamdiu
1124 3554 1351 3622 durare
1412 3549 1721 3641 poterint,
1773 3565 1837 3621 et
1886 3554 2006 3620 hos
2068 3573 2293 3622 cereos
2357 3555 2562 3622 tradet
2613 3553 3002 3642 capellanus

747 3665 939 3736 turris
974 3661 1575 3755 Batgeuciaciquos
1614 3677 1786 3736 emet
1828 3667 1908 3735 de
1949 3667 2055 3734 1111
2093 3674 2139 3703 ⁰³
2179 3664 2404 3735 solidis
2442 3668 2520 3736 de
2556 3688 2758 3736 censu
2799 3685 2993 3755 quem

751 3802 872 3870 ego
938 3782 1144 3849 habeo
1210 3782 1275 3848 in
1355 3781 1518 3849 festo
1572 3777 1740 3849 beati
1809 3777 2097 3860 Firmini,
2147 3782 2248 3849 Vll
2304 3781 2614 3850 kalendas
2690 3776 2996 3850 octobris.

754 3896 985 3963 Notum
1054 3891 1136 3961 sit
1212 3892 1384 3981 quod
1440 3905 1604 3962 terra
1676 3893 1755 3961 de
1830 3891 2126 3961 Ostentio
2202 3905 2302 3962 est
2369 3890 2564 3962 libera
2650 3906 2715 3962 et
2788 3889 3002 3982 quieta

748 4003 1021 4078 ecclesie
1058 4009 1293 4090 Sancte
1325 4005 1572 4086 Crucis,
1600 4018 1665 4076 et
1704 4019 1918 4075 tamen
1949 4004 2002 4074 si
2035 4003 2330 4075 homines
2366 4004 2608 4075 domini
2633 4001 3004 4095 Balgencia-

752 4117 966 4190 censis
1006 4118 1479 4209 permanserint
1509 4116 1572 4187 in
1614 4141 1689 4189 ea
1737 4118 2017 4189 servient
2056 4117 2144 4204 ei,
2208 4133 2272 4189 et
2325 4141 2520 4189 cause
2575 4117 2711 4188 sive
2747 4130 3004 4189 contro-

753 4232 955 4304 versie
1030 4232 1360 4302 hominum
1450 4234 1741 4322 ejusdem
1822 4231 1966 4303 ville
2053 4235 2494 4302 tractabuntur
2565 4231 2648 4302 ibi
2726 4229 2833 4308 ubi
2902 4244 3004 4301 est

756 4345 1018 4436 antiqua
1085 4349 1512 4416 consuetudo.
1589 4349 1679 4415 Ad
1751 4345 2041 4416 ultimum
2106 4345 2514 4416 manifestum
2562 4344 2643 4415 sit
2704 4343 3002 4435 quoniam

758 4459 1057 4531 dominus
1150 4461 1371 4529 Simon
1470 4458 1711 4551 rogavit
1780 4462 2111 4530 dominum
2189 4463 2541 4531 Manassem
2631 4458 3004 4550 episcopum

650 4663 651 4670 ἵ
762 4577 969 4643 Aurel.
1014 4587 1079 4643 et
1113 4595 1305 4643 omne
1339 4573 1687 4664 capitulum
1748 4577 1979 4643 Sancte
2047 4572 2267 4644 Crucis
2325 4586 2394 4642 ut
2460 4595 2573 4664 pro
2614 4571 2729 4643 Dei
2786 4585 2851 4642 et
2889 4591 3007 4640 suo
