3485 5571
1689 648 2052 713 —422-

1730 1026 2010 1090 CCCXIV

1663 1326 1698 1389 8
1742 1327 1906 1389 avril
1948 1326 2103 1389 1262

750 1579 1168 1636 proces-verbal
1197 1578 1265 1634 de
1297 1579 1613 1635 restitution
1642 1596 1715 1634 an
1754 1578 2001 1651 chapitre
2031 1577 2108 1634 dn
2123 1595 2287 1650 corps
2311 1578 2446 1634 d'un
2476 1581 2664 1651 pretre
2692 1579 2882 1633 arr-ete
2902 1592 3004 1649 par

822 1675 1066 1731 l’official
1091 1677 1234 1731 dans
1259 1675 1311 1730 le
1340 1675 1534 1731 clottre
1564 1676 1634 1731 de
1660 1676 1895 1745 mardie,
1921 1674 2254 1746 juridiction
2278 1676 2357 1731 du
2397 1675 2667 1748 chapitre,
2715 1680 2771 1730 et
2802 1674 3000 1730 trouve

822 1778 972 1828 mort
992 1772 1131 1827 dans
1160 1772 1215 1827 la
1239 1772 1433 1844 prison
1463 1773 1532 1828 de
1562 1773 1836 1844 l’dveque.

1213 1918 1396 1990 (Orig.
1439 1936 1466 1973 s
1502 1918 1696 1991 parch.
1735 1918 1909 1976 Arch.
1939 1919 2016 1975 du
2043 1918 2254 1992 Loiret,
2285 1920 2352 1976 G.
2382 1920 2534 1987 483).

839 2160 1146 2232 Officialis
1209 2165 1395 2233 curie
1451 2162 1933 2235 Aurelianensis
1989 2163 2293 2235 omnibus
2354 2176 2690 2255 presentes
2753 2163 3001 2235 litteras

749 2272 1141 2365 inspecturis
1180 2278 1450 2347 salutem
1513 2279 1578 2347 in
1618 2277 1920 2349 Domino.
1982 2278 2285 2350 Noverint
2325 2277 2599 2350 universi
2640 2281 2813 2369 quod
2853 2302 3002 2349 cum

750 2411 870 2460 nos
923 2388 1305 2460 fecissemus
1368 2393 1511 2482 capi
1576 2394 1921 2482 quemdam
1981 2392 2406 2483 presbiterum
2473 2391 2536 2463 in
2586 2396 2870 2464 claustro
2926 2396 3003 2464 de

753 2505 1020 2575 Marzeio
1062 2527 1175 2595 pro
1216 2506 1620 2596 suspictione
1659 2504 1973 2577 latrocinii
2013 2519 2077 2578 et
2113 2509 2390 2578 aliorum
2432 2506 2773 2578 criminum
2803 2530 2997 2598 quam

754 2620 1152 2689 habebamus
1193 2633 1413 2690 contra
1451 2621 1690 2710 ipsum,
1735 2622 1801 2689 in
1833 2644 1961 2711 quo
1998 2623 2277 2692 claustro
2319 2624 2603 2693 decanus
2648 2635 2714 2694 et
2751 2621 3002 2712 capitu·

753 2735 883 2805 lum
915 2732 1371 2806 Aurelianense
1399 2733 1698 2806 dicebant
1729 2757 1801 2807 se
1832 2737 2067 2808 habere
2099 2734 2619 2828 jurisdictionem
2659 2740 2994 2808 omnimo-

751 2853 896 2921 dam
940 2863 1071 2921 tam
1112 2848 1508 2940 spiritualem
1546 2872 1735 2939 quam
1788 2864 1852 2921 et
1905 2853 2373 2941 temporalem;
2431 2874 2505 2923 ac
2565 2866 2826 2944 propter
2877 2855 2998 2923 hoc

751 2968 1156 3055 requirerent
1192 2961 1344 3034 dicti
1390 2965 1676 3034 decanus
1738 2978 1803 3035 et
1859 2964 2211 3055 capitulum
2268 2965 2512 3036 dictum
2569 2966 3001 3057 presbiterum

748 3078 871 3150 sibi
904 3080 1083 3150 reddi
1120 3101 1158 3148 a
1197 3076 1459 3148 domino
1495 3079 1804 3169 episcopo
1844 3092 1906 3149 et
1948 3102 1984 3150 a
2036 3078 2249 3163 nobis,
2302 3102 2377 3151 ac
2435 3103 2629 3172 super
2680 3083 2801 3152 boc
2834 3082 3003 3153 veri·

746 3208 876 3266 tate
916 3192 1221 3285 inquisita
1251 3191 1551 3263 dominus
1583 3191 1932 3285 episcopus
1973 3193 2370 3286 precepisset
2393 3194 2582 3267 nobis
2621 3209 2690 3266 ut
2728 3219 2847 3267 nos
2876 3196 3006 3268 dic-

747 3325 882 3380 tum
949 3307 1376 3399 presbiterum
1419 3309 1837 3380 redderemus
1906 3307 2097 3380 dictis
2155 3311 2399 3380 decano
2466 3322 2532 3381 et
2578 3309 2888 3402 capitulo,
2929 3334 3003 3381 ar.

746 3448 869 3496 nos
910 3425 1221 3495 vellemus
1278 3424 1521 3493 dictum
1581 3422 2008 3514 presbiterum
2066 3425 2334 3495 reddere
2395 3422 2589 3496 dictis
2652 3428 2902 3499 decano
2941 3440 3004 3498 et

747 3538 976 3631 pitulo,
1009 3535 1220 3608 dictus
1255 3536 1571 3627 presbiter
1608 3536 1908 3607 inventus
1951 3536 2073 3607 fuit
2102 3549 2393 3609 mortuus
2442 3537 2506 3608 in
2560 3537 2841 3629 prisione
2883 3542 3005 3611 do-

748 3652 907 3723 mini
974 3648 1287 3742 episcopi.
1328 3653 1403 3720 Et
1457 3664 1715 3741 propter
1772 3652 1898 3722 hoc
1953 3652 2255 3721 dominus
2310 3650 2657 3743 episcopus
2712 3657 3004 3746 precepit

758 3767 1123 3850 Guillelmo‚
1179 3763 1507 3856 preposito
1569 3787 1712 3848 suo,
1780 3779 1848 3835 ut
1909 3766 2156 3836 dictum
2219 3765 2645 3857 presbiterum
2708 3770 3003 3839 redderet

751 3879 945 3952 dictis
977 3882 1224 3951 decano
1262 3891 1327 3949 et
1357 3880 1663 3969 capitulo,
1707 3877 1815 3970 qui
1841 3877 2268 3951 incontinenti
2297 3883 2377 3950 de
2416 3885 2677 3972 caputio
2715 3905 2834 3954 suo
2873 3905 3005 3955 res-

754 3994 925 4067 tituit
962 3994 1203 4066 dictum
1235 3993 1659 4085 presbiterum
1700 3993 1763 4064 in
1807 4016 1998 4066 manu
2063 3994 2285 4067 decani
2338 3994 2598 4066 nomine
2634 3996 2855 4088 ‘ipsius
2894 4000 3003 4069 de-

752 4108 892 4183 cani
934 4122 997 4181 et
1033 4107 1290 4199 capituli
1341 4107 1845 4192 Aurelianensis,
1881 4122 2183 4201 presente
2219 4110 2481 4181 domiuo
2531 4110 2865 4203 episcopo,
2933 4114 2998 4182 in

753 4223 1034 4316 capitulo
1073 4222 1381 4315 generali.
1417 4226 1487 4292 In
1527 4225 1711 4314 quus
1751 4221 1842 4294 rei
1877 4223 2252 4295 memoriam
2316 4238 2381 4296 et
2431 4226 2882 4297 testimonium
2921 4228 2999 4296 de

751 4340 1054 4409 mandato
1093 4335 1335 4408 domini
1375 4336 1663 4429 episcopi
1728 4352 2065 4428 presentes
2120 4337 2365 4410 litteras
2407 4339 2600 4410 dictis
2639 4342 2887 4412 decano
2936 4353 2998 4411 et

753 4451 1034 4541 capitulo
1088 4449 1466 4521 tradidimus
1519 4449 1858 4541 sigillatas,
1920 4455 2153 4522 Datum
2212 4473 2381 4523 anno
2424 4450 2680 4523 Domini
2741 4455 2997 4524 MCCLX

758 4566 989 4660 primo,
1017 4566 1085 4638 in
1125 4565 1334 4659 vigilia
1365 4570 1634 4638 Pasche.
