3485 5571
729 764 792 824 et
827 749 1021 826 tuturi
1047 753 1216 841 quod
1257 752 1336 840 ad
1377 772 1603 843 preces
1646 764 1712 822 et
1751 750 2139 828 instanciam
2184 750 2647 828 venerabilium
2699 751 2978 828 virorum

730 864 1013 956 lingonis
1058 864 1313 947 decani,
1354 869 1640 944 Manasse
1674 865 1971 956 capicerii
2033 880 2099 936 et
2142 863 2342 942 totius
2386 864 2647 956 capituti
2689 867 2981 940 Aurelia-

730 981 977 1060 nensis,
1024 977 1259 1054 intuitu
1306 978 1421 1052 Dei
1460 992 1524 1056 et
1578 981 1661 1049 ob
1710 977 2063 1052 remedium
2119 978 2331 1053 anime
2381 995 2601 1051 nostre
2665 992 2731 1050 et
2780 979 2982 1071 patris

728 1091 931 1168 nostri
960 1096 1125 1166 bone
1154 1091 1463 1170 memorie
1503 1093 1673 1183 regis
1709 1091 2007 1166 Ludovici
2034 1105 2099 1166 et
2141 1095 2674 1183 predecessorum
2715 1109 2977 1166 nostro-

730 1228 900 1289 rum,
941 1204 1237 1286 dedimus
1292 1218 1356 1276 et
1406 1203 1856 1282 concessimus
1894 1203 2200 1296 quidquid
2244 1203 2408 1295 iuris
2471 1207 2870 1280 habebamus
2910 1207 2977 1276 in
3093 1229 3098 1239 ·

732 1318 1088 1398 donacione
1137 1317 1349 1390 Sancti
1391 1316 1557 1389 Petri
1599 1317 1664 1388 in
1727 1318 1966 1392 Semita
2023 1321 2143 1394 iata
2184 1331 2249 1388 et
2283 1318 2349 1398 in
2386 1321 2528 1409 ejus
2566 1318 2973 1410 pertinentiis

737 1435 858 1503 sub
899 1437 1017 1503 hac
1089 1432 1458 1503 conditione
1524 1433 1695 1522 quod
1754 1430 1874 1523 ipsi
1939 1434 2022 1514 de
2057 1431 2376 1514 ceteruia
2427 1431 2701 1504 ecclesia
2744 1437 2976 1506 Sancte

732 1544 959 1616 Crucis
988 1545 1494 1616 anniversarium
1536 1543 1735 1636 patris
1796 1545 1994 1615 nostri
2037 1545 2209 1638 regis
2252 1545 2557 1617 Ludovici
2625 1545 2980 1618 solenniter

734 1659 968 1731 sacient
1027 1675 1090 1731 et
1142 1674 1286 1751 post
1325 1659 1462 1731 dies
1518 1673 1776 1731 nostros
1840 1674 2129 1730 nostrum
2183 1659 2479 1732 similiter
2528 1663 2973 1732 celebrabunt.

734 1779 863 1846 Hoc
910 1787 1121 1845 autem
1205 1797 1400 1865 super
1449 1773 1725 1866 pericula
1790 1772 2145 1844 animarum
2209 1797 2468 1844 suarum
2554 1797 2625 1844 se
2692 1779 2974 1845 tacturos

736 1888 1187 1980 promiserunt.
1214 1893 1353 1974 Que
1396 1887 1553 1959 utin
1582 1902 1957 1978 perpetuum
1998 1902 2131 1959 rata
2158 1902 2221 1958 et
2261 1886 2499 1958 illibata
2531 1902 2971 1977 permaneant,

733 2016 1097 2095 presentem
1162 2018 1396 2072 cartam
1450 2000 1638 2093 sigini
1684 1999 1883 2071 nostri
1928 1999 2308 2074 auctoritate
2347 2001 2613 2072 interius
2674 2015 2981 2072 annotato

734 2115 1136 2208 precepimus
1194 2114 1580 2186 confirmari.
1644 2121 1867 2186 Actum
1905 2115 2365 2208 ¹Aurelian[is],
2428 2138 2596 2186 anuo
2666 2114 2978 2187 incarnati

729 2229 916 2302 Verbi
948 2235 995 2300 Μ
1041 2233 1087 2300 C
1147 2234 1475 2309 Lxxxvtt.
1514 2231 1694 2320 regni
1759 2228 1962 2299 nostri
2010 2253 2180 2299 anno
2239 2253 2433 2300 nono.
2496 2228 2870 2300 Astantibus
2919 2230 2984 2299 in

734 2343 967 2437 palatio
994 2359 1214 2426 nostro
1239 2367 1511 2434 quorum
1550 2342 1813 2414 nomina
1849 2342 2183 2435 supposita
2226 2358 2375 2414 sunt
2416 2358 2479 2414 et
2516 2341 2723 2435 signa.

828 2462 895 2528 S.
938 2456 1193 2528 comitis
1232 2457 1607 2540 Theobaidi‚
1642 2456 1902 2548 dapiferi
1937 2456 2161 2528 nostri.

827 2576 892 2642 S.
938 2570 1247 2650 Gnidonis
1287 2571 1669 2643 buticularii.
1732 2565 1737 2572 ’

824 2690 890 2755 S.
937 2689 1165 2756 Mathei
1201 2686 1564 2756 camerarii.

825 2804 890 2871 S.
934 2801 1180 2872 Radutti
1221 2801 1702 2871 constabularii.

826 2917 982 2989 Data
1027 2928 1288 3001 vacante
1330 2912 1735 3000 cancellaria.

1795 3282 1925 3343 CIV

1784 3556 1938 3635 1181

734 3786 1002 3854 Regnaud
1037 3786 1103 3841 de
1134 3788 1343 3843 Nevers
1366 3804 1425 3844 se
1453 3790 1739 3843 reconnait
1762 3788 2017 3844 debiteur
2036 3806 2236 3845 envers
2260 3790 2313 3846 le
2340 3791 2591 3862 chapitre
2618 3806 2762 3861 pour
2789 3790 2987 3862 degats

1240 3887 1477 3939 commis
1503 3902 1601 3940 sur
1630 3901 1740 3940 une
1771 3890 1918 3940 terre
1947 3886 2015 3939 de
2046 3885 2426 3942 Sainte-Croix
2458 3886 2501 3942 ¹.

1196 4029 1375 4100 (Orig.
1407 4048 1452 4087 s.
1485 4031 1678 4101 perch.
1711 4030 1882 4086 Arch.
1914 4030 1988 4087 du
2021 4031 2226 4102 Loiret,
2269 4032 2333 4087 G.
2371 4032 2513 4097 3³6).

823 4249 952 4336 Ego
1001 4245 1343 4341 Rainaldus
1384 4250 1461 4317 de
1491 4245 1763 4345 Niverno
1804 4261 2023 4337 notum
2102 4245 2232 4317 fieri
2307 4251 2448 4317 voto
2523 4246 2824 4329 omnibus
2890 4251 2971 4323 ad

731 4346 896 4453 (1¹.th
933 4362 1136 4449 littere
1165 4359 1286 4445 iste
1328 4360 1731 4451 pervenerint
1770 4363 1940 4451 qtth
1996 4364 2202 4447 debeo
2260 4365 2504 4447 decano,
2561 4376 2626 4433 et
2691 4362 2968 4449 ecclesie

805 4672 822 4707 ¹
864 4672 947 4733 Gr.
990 4674 1089 4728 Ch.
1119 4674 1219 4739 ·CI.
