3485 5571
1419 662 1737 725 ..25-

450 807 809 883 temporum
853 793 988 863 sive
1026 815 1259 864 ·rerum
1324 791 1611 862 mutabili
1674 790 2003 863 varietate.
2049 774 2390 879 Quocirfia,
2423 791 2703 863 dilectis-

446 906 593 977 simi
636 911 888 989 fratres,
924 905 1214 999 petitioni
1258 921 1483 977 vestrae
1519 906 1685 977 sicut
1720 929 1941 978 aurem
1976 909 2275 977 claudere
2311 905 2578 996 impium
2610 907 2703 976 sic

444 1021 697 1112 aperire
738 1036 800 1091 et
840 1021 1259 1111 adquiescere
1303 1023 1485 1091 laude
1544 1020 1923 1090 censuimus
1987 1019 2297 1109 dignum;
2351 1034 2418 1090 ut
2457 1019 2705 1089 scilicet

442 1138 521 1205 de
584 1158 777 1205 manu
847 1150 1062 1206 nostra
1143 1158 1214 1205 se
1282 1135 1614 1226 accepisse
1680 1134 1926 1225 aliquid
2001 1137 2352 1224 gratuletur
2426 1132 2701 1205 ecclesia

444 1264 683 1331 vestra,
725 1253 896 1341 quod
941 1265 1009 1319 et
1043 1248 1224 1320 vobis
1264 1263 1326 1321 et
1360 1248 1633 1341 posteris
1665 1252 1899 1320 vestris
1942 1250 2257 1339 proficiat,
2301 1262 2365 1319 et
2405 1271 2700 1339 praeseos

445 1377 600 1433 aetas
660 1376 724 1434 et
772 1379 1032 1433 ventura
1072 1362 1555 1455 poste‚ritasin
1590 1362 1963 1434 memoriam
2029 1362 2308 1433 suaviter
2368 1365 2695 1433 recondat.

446 1481 584 1547 Duo
624 1476 818 1567 igitur
859 1479 1076 1548 altaria
1110 1480 1276 1568 apud
1322 1481 1637 1547 Fontanas
1686 1491 1752 1547 et
1810 1481 2156 1555 Ulmetum,
2210 1476 2273 1546 in
2333 1478 2696 1567 Stampensi

452 1591 806 1681 adjacentia
864 1594 1095 1682 posita,
1132 1594 1306 1681 juxta
1351 1590 1722 1683 petitionem
1767 1606 2040 1661 vestram
2073 1595 2191 1661 sub
2234 1614 2450 1661 annuo
2498 1613 2700 1661 censu

450 1706 633 1776 vobis
677 1705 943 1776 ulterius
984 1706 1371 1797 possidenda
1413 1705 1860 1788 concedimus,
1895 1705 2141 1776 scilicet
2206 1720 2270 1774 ut
2330 1706 2391 1774 in
2453 1707 2700 1796 synodo

444 1821 737 1890 Paschali
779 1824 829 1890 V
860 1820 1102 1891 solidos
1130 1843 1245 1911 pro
1272 1819 1372 1889 his
1412 1819 1474 1889 in
1508 1842 1775 1890 censum
1803 1842 1915 1911 per
1940 1820 2230 1910 singulos
2251 1842 2458 1889 annos
2480 1823 2696 1889 Stam-

444 1935 671 2025 pensis
720 1948 940 2004 noster
978 1937 1265 2005 decanus
1315 1932 1592 2023 Stampis
1632 1933 1922 2025 recipiat.
1982 1937 2219 2004 Praeter
2270 1938 2434 2019 haec,
2465 1934 2699 2003 retine-

441 2072 592 2117 mus
660 2036 859 2119 etiam'
921 2046 1110 2119 nohis
1167 2050 1472 2138 synodos,
1531 2045 1847 2130 circadaS,
1909 2046 1972 2117 in
2058 2070 2237 2118 sacra
2315 2051 2699 2118 Pentecoste

441 2162 928 2253 processiones,
986 2177 1051 2234 et
1107 2177 1355 2233 ceteras
1405 2161 1912 2233 consuetudines
1971 2177 2248 2244 nostras,
2313 2176 2377 2231 et
2427 2185 2697 2252 quaeque

426 2278 604 2366 juris
661 2276 1076 2367 episcopatus
1118 2274 1418 2367 insignia,
1483 2275 1862 2346 vicariorum
1917 2290 2166 2346 tantum
2244 2279 2540 2368 personis
2601 2277 2694 2348 vel

440 2391 801 2463 mutatione
842 2416 1261 2485 personarum
1298 2392 1481 2464 vobis
1518 2392 1924 2464 condonatis.
1969 2398 2045 2465 Ut
2072 2409 2285 2465 autem
2311 2395 2449 2464 haec
2481 2408 2696 2464 nostra

435 2506 785 2577 concessio
834 2507 1145 2598 temporis
1196 2505 1576 2598 antiquitate
1628 2510 1726 2577 vel
1769 2507 2050 2597 qualibet
2081 2505 2465 2598 negligentia
2498 2506 2693 2577 deleri

436 2623 541 2691 vel
572 2620 891 2693 obliterari
936 2638 1232 2713 nequeat,
1287 2645 1399 2694 seu
1452 2622 1514 2692 in
1562 2622 1905 2693 oblivionis
1956 2624 2219 2693 dubium
2249 2646 2382 2694 sive
2422 2621 2484 2692 in
2519 2646 2697 2693 erro-

440 2755 583 2803 rem
615 2732 990 2824 ignorantiae
1047 2739 1432 2827 quandoque
1465 2734 1778 2822 incidere,
1814 2735 2143 2808 literarum
2171 2735 2462 2828 apicibus
2504 2738 2695 2827 hujus

442 2862 688 2918 nostrae
749 2849 1194 2920 concessionis
1235 2853 1564 2921 decretum
1629 2852 2070 2922 commendari
2131 2866 2197 2922 et
2262 2850 2450 2941 sigilli
2492 2850 2692 2922 nostri

445 2962 879 3055 impressione
921 2964 1164 3054 signari
1230 2964 1678 3056 praecepimus,
1724 2987 1806 3035 ne
1851 2963 2000 3055 quis
2069 2965 2378 3055 deinceps
2437 2964 2693 3034 invidiae

442 3101 562 3148 seu
591 3078 972 3170 calumpniae
1002 3093 1217 3171 patere
1258 3083 1593 3171 praevaleat
1634 3083 1840 3151 locus.

662 3269 746 3354 *1⁴
788 3266 1199 3339 Daimhertus
1229 3266 1781 3358 archiepiscopus,

798 3385 1091 3453 Ansellus
1130 3381 1646 3452 archidiaconus.

801 3495 1100 3567 Girardus
1130 3495 1645 3567 archidiaconus.

794 3612 1160 3680 Tetbaudus
1190 3609 1703 3680 archidiaconus.

797 3729 950 3795 Hato
980 3722 1499 3794 archidiaconus.

797 3840 1197 3908 Burchardus
1237 3836 1752 3908 archidiaconus.

796 3955 1104 4024 Rodulfus
1130 3952 1668 4043 archipresbyter.

522 4146 684 4212 Data
716 4163 939 4212 mense
979 4139 1356 4230 septembri,
1400 4164 1569 4211 anno
1593 4145 1673 4210 ab
1711 4140 2154 4211 incarnatione
2176 4141 2433 4211 Domini
2478 4145 2685 4212 MCXV

420 4252 788 4327 indictione
812 4256 973 4338 Vlll,
999 4270 1305 4344 regnante
1328 4254 1645 4325 Ludovico
1670 4277 1819 4344 rege
1842 4278 2012 4325 anno
2036 4258 2192 4325 Vlll.

795 4371 949 4439 Hato
984 4369 1403 4440 cancellarius
1443 4370 1725 4462 scripsit.
