3485 5571
1790 636 2147 697 —318—

839 764 1011 852 quod
1079 760 1382 853 quicquid
1426 765 1506 835 de
1553 761 1861 852 predictis
1924 762 2223 833 domibus
2280 777 2429 853 post
2479 764 2819 834 decessum
2887 762 3082 853 ipsius

840 874 1056 945 baberi
1098 875 1353 966 poterit,
1417 875 1751 947 canonicis
1812 878 1921 968 qui
1993 879 2284 968 ejusdem
2352 876 2578 951 decani
2646 876 3077 949 anniversario

840 990 1200 1061 intererunt
1236 988 1576 1073 dividatur,
1620 990 1904 1081 exceptis
1935 1005 2150 1061 tamen
2192 1013 2302 1063 sex
2338 990 2667 1082 librisque
2699 988 2763 1061 in
2793 995 3086 1062 anniver-

841 1102 1028 1173 sariis
1071 1104 1312 1175 Letoldi
1348 1103 1726 1189 subdecani,
1767 1105 2058 1176 Nicholai
2098 1119 2164 1175 et
2203 1104 2462 1187 Galteri,
2505 1118 2816 1197 nepotum
2855 1104 3085 1198 ipsius,

839 1216 1332 1305 distribuentur,
1391 1217 1673 1310 exceptis
1728 1218 1921 1290 etiam
1977 1218 2197 1309 viginti
2256 1202 2490 1290 solidis
2533 1221 2612 1290 de
2674 1219 3088 1312 proventibus

839 1335 1131 1422 ejusdem
1171 1336 1405 1405 domus
1457 1334 1565 1425 qui
1606 1334 1878 1426 singulis
1920 1333 2106 1406 annis
2161 1357 2273 1425 per
2308 1336 2832 1407 ebdomsdarium
2874 1358 3089 1406 sacer-

842 1449 1057 1518 dotem
1091 1447 1560 1520 distribuentur
1604 1451 1865 1520 clericis
1905 1449 2084 1520 chori
2133 1448 2333 1520 nostri
2374 1448 2482 1541 qui
2538 1449 2602 1519 in
2635 1451 2923 1521 Adventu
2965 1454 3089 1520 Do·

842 1561 995 1632 mini
1065 1562 1127 1632 in
1184 1563 1412 1634 diebus
1471 1563 1770 1655 profestis
1810 1565 2147 1635 matutinis
2200 1567 2281 1635 ad
2327 1563 2705 1636 salmodiam
2770 1566 2851 1634 de
2921 1565 3091 1635 dieta

843 1676 1223 1758 intererunt,
1268 1691 1333 1749 et
1372 1677 1702 1749 matutinis
1740 1692 2138 1750 mortuorum
2186 1701 2310 1769 que
2371 1678 2642 1769 singulis
2679 1679 2909 1749 diebus
2951 1700 3092 1770 pro-

840 1792 1024 1861 festis
1090 1793 1328 1862 debent
1387 1791 1537 1878 dici,
1581 1795 1775 1862 etiam
1842 1791 1894 1863 si
1954 1792 2461 1870 anniversarium
2525 1791 2589 1862 in
2633 1791 2840 1884 vigilia
2903 1793 3095 1863 fuerit

841 1907 1263 1976 celebratum.
1305 1910 1435 1976 Hoc
1469 1920 1680 1977 autem
1722 1908 1870 1978 ideo
1910 1905 2120 1977 eidem
2161 1906 2632 1988 concessimus,
2682 1905 2826 1996 quia
2866 1904 3091 1995 viginti

843 2020 1042 2089 libras
1081 2042 1241 2109 quas
1268 2023 1343 2090 ad
1374 2023 1496 2090 hoc
1534 2020 1905 2092 faciendum
1947 2021 2329 2112 promiserat
2366 2035 2428 2091 et
2470 2023 2671 2093 multo
2711 2019 2987 2110 amplius
3009 2022 3090 2090 de

843 2156 1168 2204 consensu
1215 2148 1278 2204 et
1315 2133 1577 2205 licentia
1621 2148 1838 2206 nostra
1878 2135 1941 2204 in
1984 2148 2362 2226 coopertura
2412 2134 2697 2227 predicte
2732 2137 2961 2205 domus
3010 2136 3089 2204 de

855 2246 1132 2335 ardesio,
1178 2246 1243 2317 in
1283 2247 1595 2339 granariis
1640 2263 1704 2319 et
1744 2248 1808 2318 in
1857 2248 2000 2319 aliis
2054 2247 2263 2320 eidem
2292 2251 2512 2320 domui
2554 2248 2941 2320 necessariis
2994 2251 3090 2317 ta-

842 2362 1096 2431 ciendis
1165 2361 1404 2433 utiliter
1464 2362 1678 2453 posuit
1751 2377 1817 2433 et
1878 2362 2202 2454 expendit.
2285 2367 2576 2434 Preterea
2643 2361 3090 2434 concessimus

842 2474 1053 2546 eidem
1088 2478 1333 2547 decano
1371 2479 1543 2567 quod
1584 2499 1813 2547 omnes
1844 2491 2192 2568 proventus
2232 2476 2560 2548 vinearum
2601 2476 2890 2548 omnium
2929 2498 3088 2567 quas

845 2589 1146 2680 plantavit
1187 2589 1249 2659 in
1286 2593 1430 2661 loco
1460 2593 1568 2681 qui
1612 2594 1889 2683 Campus
1916 2594 2251 2663 Rotundus
2285 2590 2517 2662 dicitur
2558 2604 2706 2683 post
2744 2592 3086 2662 decessum

845 2701 1053 2794 ipsius
1082 2703 1412 2775 canonicis
1454 2706 1563 2795 qui
1604 2708 1745 2797 ejus
1777 2704 2215 2777 anniversario
2246 2704 2605 2777 intererunt
2643 2703 3084 2776 distribuatur.

845 2819 1304 2890 Concessimus
1329 2818 1521 2890 etiam
1547 2819 1757 2892 eidem
1796 2824 1969 2912 quod
1999 2836 2349 2912 proventus
2394 2824 2629 2893 domus
2658 2844 2850 2912 quam
2892 2821 3091 2891 ediffi-

843 2934 1009 3004 cavit
1053 2936 1227 3024 juxta
1275 2937 1498 3004 turrim
1559 2949 1845 3006 nostram
1886 2934 1951 3005 in
1991 2939 2296 3019 claustro,
2344 2950 2489 3026 post
2528 2950 2799 3007 mortem
2839 2932 3087 3005 Leberti

847 3046 1096 3138 nepotis
1150 3048 1249 3119 sui
1301 3050 1409 3139 qui
1473 3073 1613 3120 eam
1671 3049 1976 3141 quamdiu
2035 3050 2256 3121 vixerit
2301 3053 2570 3134 tenebit,
2623 3064 2770 3141 post
2818 3063 3088 3121 mortem

844 3174 1057 3232 tamen
1097 3161 1303 3254 ipsius
1342 3162 1567 3234 decani
1629 3163 1693 3234 in
1753 3164 1959 3256 ipsius
2000 3165 2227 3236 decani
2281 3164 2717 3238 anniversario
2757 3160 3089 3235 canonicis

844 3276 953 3367 qui
1000 3279 1356 3348 intererunt
1404 3276 1849 3349 distribuatur.
1898 3281 2072 3349 Idem
2113 3277 2305 3350 etiam
2356 3281 2688 3361 Lebertus,
2747 3282 2804 3349 si
2868 3299 3089 3361 super-

846 3389 1069 3460 vixerit
1109 3393 1379 3474 decano,
1424 3395 1543 3463 sub
1583 3391 1898 3483 pensione
1956 3395 2181 3464 decem
2221 3393 2574 3464 solidorum
2617 3395 2882 3463 domum
2922 3391 3086 3463 illam

845 3506 1152 3594 quamdiu
1192 3505 1411 3577 vixerit
1445 3506 1713 3590 tenebit,
1753 3506 1862 3597 qui
1905 3506 2201 3580 similiter
2238 3507 2303 3576 in
2334 3506 2772 3578 anniversario
2796 3507 3089 3599 ejusdem

847 3620 1070 3690 decani
1132 3620 1462 3692 canonicis
1519 3620 1627 3713 qui
1688 3622 2048 3694 intererunt
2103 3622 2489 3693 dividentur.
2543 3624 2632 3693 Ad
2693 3626 2815 3693 hec
2881 3621 3087 3694 eidem

846 3734 1094 3804 decano
1125 3734 1574 3806 concessimus
1600 3737 1772 3826 quod
1818 3759 1930 3828 pro
1971 3733 2393 3807 stacuniculis
2434 3758 2558 3826 que
2592 3735 2743 3806 iecit
2780 3758 2816 3806 a
2856 3735 3090 3806 dextris

846 3861 911 3918 et
940 3870 976 3917 a
1017 3846 1299 3920 sinistris
1335 3851 1507 3939 juxta
1549 3862 1796 3941 portam
1833 3850 2092 3920 claustri
2130 3849 2332 3921 nostri
2374 3872 2599 3921 versus
2640 3854 2936 3924 Sanctam
2971 3854 3092 3920 Ma·

847 3960 1005 4031 riam
1052 3963 1211 4033 Boni
1260 3963 1512 4047 Nuncii,
1550 3987 1675 4054 que
1726 3978 1873 4055 post
1906 3977 2181 4036 mortem
2219 3963 2426 4055 ipsius
2461 3979 2681 4036 nostra
2720 3980 2934 4045 erunt,
2978 3989 3091 4034 nu-

849 4075 1050 4148 triciis
1085 4077 1191 4166 qui
1244 4077 1680 4150 anniversario
1735 4082 1877 4169 ejus
1914 4078 2246 4150 intererint
2291 4078 2566 4171 singuiis
2605 4080 2795 4150 annis
2836 4078 3090 4169 triginta

851 4193 1093 4264 solidos
1134 4191 1325 4263 dividi
1380 4193 1716 4264 faciemus.
1764 4198 1988 4265 Actum
2045 4217 2218 4265 anno
2257 4193 2510 4266 Domini
2552 4196 2702 4266 MCC
2738 4193 3086 4276 tricesimo,

852 4329 1075 4378 mense
1116 4306 1388 4379 octobri.
