3485 5571
1815 620 2169 691 -274-

864 767 1220 827 conventus
1262 754 1600 847 usuagium
1654 778 1844 827 suum
1894 760 2224 829 habebunt
2269 756 2572 830 omnibus
2608 757 2908 829 domibus
2969 754 3097 828 suis

864 871 940 940 ad
983 892 1212 940 omnes
1245 893 1405 941 usus
1464 870 1893 942 necessarios.
1939 873 2127 956 Quod
2176 884 2244 941 ut
2281 884 2491 942 ratum
2529 884 2821 942 teneatur
2887 885 2950 942 et
2998 893 3098 941 no-

867 997 1003 1053 tum
1034 996 1427 1075 permaneat,
1474 998 1814 1076 presentes
1853 983 2098 1061 litteras
2127 987 2206 1056 ad
2240 984 2573 1076 utriusque
2613 984 2807 1077 partis
2839 983 3093 1076 peticio-

863 1119 1014 1169 nem
1052 1097 1187 1170 fieri
1216 1097 1486 1171 fecimus
1537 1111 1603 1170 et
1649 1097 1840 1190 sigilli
1881 1100 2089 1171 nostri
2130 1098 2486 1170 munimine
2525 1098 2834 1171 roborari.
2884 1103 3096 1170 Actum

862 1233 1034 1283 anno
1073 1210 1290 1304 gracie
1328 1213 1496 1284 MCC
1534 1235 1710 1285 nono
1735 1212 2017 1298 decimo,
2060 1235 2284 1286 mense
2316 1212 2502 1305 julio.

1820 1601 2167 1663 CLXXXIV

1780 1903 2006 1966 sufflet
2035 1903 2198 1966 1219

1112 2153 1320 2211 L’abbe
1344 2155 1415 2211 de
1447 2155 1500 2210 la
1530 2155 1846 2211 Cour·Dieu
1874 2162 2099 2228 accepte
2128 2156 2180 2210 la
2205 2160 2470 2212 sentence
2498 2154 2568 2211 de
2591 2155 2863 2227 l’eveque.

1040 2301 1220 2375 (Orig.
1249 2317 1351 2363 sur
1373 2302 1564 2372 purch.
1594 2300 1764 2363 Arch.
1800 2299 1876 2355 du
1906 2301 2121 2372 Loiret,
2148 2300 2216 2358 G.
2251 2317 2264 2353 ε
2310 2301 2560 2357 mention
2588 2300 2928 2377 Scriptum).

952 2545 1293 2627 nuber-tus,
1329 2541 1515 2617 Curie
1539 2541 1654 2614 Dei
1679 2541 1891 2617 dictus
1916 2546 2142 2628 abbas,
2164 2557 2465 2639 totusque
2491 2546 2780 2636 ejusdem
2807 2540 2929 2617 loci
2952 2562 3092 2617 cone

862 2669 1115 2741 ventus,
1184 2653 1484 2733 omuibus
1542 2669 1877 2748 presentes
1939 2654 2184 2735 litteras
2251 2655 2640 2750 inspecturis
2701 2659 2974 2733 salutem
3032 2652 3088 2725 in

860 2770 1162 2848 Domino.
1206 2769 1514 2848 Noverint
1553 2768 1835 2848 universi
1879 2772 2051 2865 quod
2092 2794 2242 2844 cum
2282 2769 2450 2843 inter
2497 2770 2894 2848 venerabiles
2933 2766 3083 2844 viros

862 2888 1201 2960 hebertum
1265 2888 1583 2962 decanum
1616 2898 1683 2960 et
1731 2887 2085 2977 capitulum
2119 2884 2600 2969 Aurelianense,
2640 2908 2716 2956 ex
2742 2907 2866 2956 una
2903 2894 3086 2977 parte,

862 3012 927 3078 et
965 3022 1110 3084 nos,
1162 3021 1239 3071 ex
1298 3001 1520 3081 altera,
1583 3013 1938 3076 verteretur
1997 2998 2328 3076 contentio
2385 3021 2580 3090 super
2628 2998 2873 3098 usagio,
2929 3005 3083 3068 etc..

861 3117 1127 3207 (comme
1146 3116 1211 3186 la
1227 3116 1329 3188 ch.
1351 3113 1817 3200 CLXXXIII,
1846 3117 2126 3188 motulis
2145 3115 2689 3203 mutandis...)ad
2709 3134 2932 3188 omnes
2952 3129 3090 3182 usus

862 3227 1291 3304 necessarios.
1333 3233 1461 3308 Nos
1486 3231 1683 3321 igitur
1724 3231 1848 3306 hoc
1877 3231 2123 3304 dictum
2155 3242 2219 3300 et
2249 3233 2416 3306 hanc
2443 3227 2906 3304 ordinationem
2936 3221 3088 3317 epis·

862 3343 1007 3437 copi
1043 3342 1374 3420 memorati
1417 3357 1616 3420 ratam
1656 3346 1973 3421 habemus
2011 3356 2078 3416 et
2115 3345 2571 3435 approbamus,
2614 3354 2680 3414 et
2705 3365 2847 3420 eam
2883 3357 3090 3412 conce·

865 3459 1078 3534 dimus
1117 3459 1413 3532 stabilem
1453 3458 1520 3527 in
1567 3472 1942 3550 perpetuum
1985 3479 2386 3550 permanere.
2439 3460 2508 3532 In
2548 3458 2736 3549 cujus
2794 3459 2887 3532 rei
2925 3446 3085 3528 testi·

866 3573 1153 3648 mouium
1185 3587 1251 3650 et
1287 3570 1689 3658 memoriam,
1726 3586 2061 3665 presentes
2102 3575 2348 3648 litteras
2373 3570 2569 3664 sigilli
2597 3574 2802 3648 nostri
2841 3570 3086 3648 lecimus

866 3691 1195 3766 karactere
1254 3685 1641 3762 confirmari.
1695 3692 1922 3762 Actum
1961 3710 2132 3762 anno
2171 3685 2430 3764 Domini
2473 3685 2817 3766 millesimo
2868 3687 3086 3756 ducen-

870 3802 1101 3883 tesimo
1138 3824 1310 3876 nono
1349 3800 1625 3890 decimo,
1673 3825 1896 3876 mense
1929 3801 2113 3893 julio.
