3485 5571
1441 589 1760 655 ..69-

479 725 593 794 Dei
619 744 751 793 rex.
797 721 859 792 Si
895 723 1304 792 sacerdotum
1333 719 1568 791 Christi
1608 720 2183 792 ammonitionibus
2223 722 2356 794 sive
2388 721 2722 815 petitioni-

483 840 599 908 bus
627 835 974 927 benignum
1003 858 1343 906 assensum
1387 837 1772 926 praebemus,
1834 839 2028 926 regiae
2081 837 2489 908 celsitudinis
2529 861 2722 930 opera

480 957 943 1023 sustentamus.
980 952 1198 1039 Itaque
1240 963 1461 1020 notum
1492 952 1575 1020 sit
1615 950 1916 1020 omnibus
1970 963 2210 1021 sanctae
2269 950 2377 1023 Dei
2417 953 2722 1023 Ecclesiae
2761 981 2762 984 ¹

482 1065 777 1137 fidelibus
814 1078 879 1135 et
919 1062 1181 1149 nostris,
1228 1064 1660 1155 praesentibus
1718 1079 1784 1134 et
1836 1064 2088 1149 tuturis,
2132 1063 2278 1157 quia
2343 1066 2723 1137 venerabilis

481 1179 574 1250 vir
607 1177 828 1268 Agius‚
872 1177 1345 1249 Aurelianensis
1379 1178 1673 1249 ecclesiae
1715 1177 2084 1270 episcopus,
2143 1180 2219 1248 ad
2282 1196 2562 1250 nostram
2615 1204 2723 1251 su-

480 1293 862 1365 blimitatem
929 1294 1269 1372 accedens,
1323 1307 1688 1363 reverenter
1729 1291 2006 1363 innotuit
2057 1315 2093 1363 a
2144 1293 2726 1385 praedecessoribus

481 1410 621 1479 suis
656 1422 846 1499 atque
885 1430 959 1477 ex
999 1430 1223 1478 eorum
1267 1405 1687 1477 immitatione
1712 1430 1748 1478 a
1789 1430 1859 1478 se
1902 1430 2159 1499 quoque
2199 1411 2509 1498 quasdam
2546 1407 2729 1478 villas

480 1522 778 1594 ecclesiae
832 1545 967 1592 suae
1007 1520 1071 1591 in
1139 1524 1384 1592 honore
1439 1535 1678 1592 sauctae
1751 1536 1814 1592 et
1869 1520 2133 1593 vivificae
2174 1522 2396 1594 Crucis
2454 1525 2729 1594 fondatae

484 1638 710 1710 usibus
750 1652 815 1707 et
844 1635 1185 1729 stipendiis
1219 1637 1675 1708 canonicorum
1715 1636 1872 1706 inibi
1902 1641 2038 1708 Deo
2079 1636 2492 1709 servientium
2532 1640 2731 1730 depu-

483 1766 649 1823 tatas
689 1755 846 1822 fore.
904 1748 1217 1840 Petiitque
1285 1750 1665 1841 suppliciter
1720 1749 2276 1822 mansuetudinem
2329 1765 2612 1821 nostram
2669 1765 2736 1822 ut

484 1880 724 1938 nostrae
784 1863 1182 1937 auctoritatis
1230 1865 1542 1955 scriptum
1601 1863 1735 1934 fieri
1785 1867 2189 1955 juberemus,
2247 1887 2359 1957 per
2411 1868 2581 1957 quod
2631 1889 2737 1937 ea-

483 1984 781 2051 rumdem
824 1982 1112 2049 villarum
1157 1981 1237 2049 ab
1276 1976 1798 2049 antecessoribus
1852 1978 2014 2062 suiS‚
2095 1993 2161 2050 ut
2201 1982 2444 2050 dictum
2508 1993 2633 2063 est,
2673 1994 2737 2051 et

480 2099 561 2166 ab
596 2118 679 2166 eo
720 2081 1375 2164 rationabiliter'facta
1409 2091 1734 2183 deputatio
1771 2092 2008 2162 nostris
2047 2105 2111 2163 et
2159 2096 2388 2164 tuturis
2436 2097 2738 2185 tempori·

481 2213 607 2281 bus
648 2211 795 2279 sine
834 2230 1099 2278 suorum
1159 2218 1619 2277 successorum
1660 2220 1768 2276 aut
1806 2206 2072 2279 alterius
2113 2229 2404 2299 personae
2440 2206 2739 2279 immuta-

481 2327 666 2395 tione
708 2336 994 2394 maneret
1044 2323 1437 2391 inviolabilis
1457 2335 1522 2391 et
1553 2319 1811 2391 intacta.
1878 2325 2038 2391 Sunt
2102 2335 2317 2394 autem
2368 2326 2736 2394 earumdem

482 2438 781 2508 villarum
841 2438 1143 2508 vocabula
1185 2439 1368 2506 baec:
1429 2439 1778 2505 Massiacus
1838 2458 1984 2506 cum
2026 2434 2192 2506 villis
2235 2450 2299 2507 et
2350 2437 2740 2529 appenditiis

482 2552 652 2636 suis,
696 2554 854 2622 cella
896 2549 1099 2620 sancti
1134 2548 1405 2632 Martini,
1446 2563 1509 2621 et
1541 2548 1855 2640 Silgiacus
1896 2573 2043 2621 cum
2077 2550 2239 2620 villis
2267 2565 2332 2621 et
2361 2550 2740 2642 adjacentiis

483 2665 626 2736 suis
660 2690 678 2749 ;
718 2669 739 2705 ¹
801 2687 876 2735 ex
926 2666 1178 2734 abbatia
1242 2686 1390 2733 vero
1460 2662 1671 2734 Sancti
1735 2662 2032 2754 Lipbardi
2091 2668 2486 2735 Termeneus
2540 2667 2739 2736 etiam

483 2800 639 2852 cum
702 2776 1107 2871 appendiciis
1164 2776 1326 2861 suis,
1384 2775 1744 2848 Brissiacus
1799 2800 1946 2848 cum
1997 2780 2371 2869 integritate
2430 2802 2570 2851 sua.
2613 2784 2740 2852 Nos

483 2894 685 2986 igitur
745 2892 1250 2964 admonitionem
1316 2895 1450 2962 sive
1514 2891 1891 2982 petitionem
1946 2895 2089 2984 ejus
2154 2894 2507 2964 clementer
2568 2895 2743 2966 exci-

485 3009 771 3101 piente8‚
814 3011 936 3077 hoc
976 3006 1330 3077 altitudinis
1361 3021 1596 3077 nostrae
1647 3020 2035 3098 praeceptum
2079 3009 2217 3078 fieri
2247 3009 2588 3099 jussimus,
2630 3032 2744 3107 per

483 3125 662 3216 quod
726 3124 1138 3214 praecipimus
1179 3136 1369 3212 atque
1409 3124 1740 3191 firmamus
1785 3136 1851 3191 ut
1917 3124 2307 3213 praescriptae
2361 3122 2546 3208 villae,
2592 3146 2740 3195 cum

485 3236 796 3309 omnibus
861 3259 1082 3307 eorum
1157 3258 1368 3307 rerum
1444 3236 1824 3306 adtinentiis
1900 3249 1963 3305 et
2032 3235 2453 3330 appendiciiS,
2497 3239 2740 3327 absque

486 3353 841 3444 cujuslibet
877 3348 1321 3421 immutatione
1361 3363 1467 3420 aut
1529 3349 2028 3434 substractione,
2059 3351 2449 3443 praescriptae
2490 3355 2740 3423 Sanctae

486 3465 719 3539 Crucis
748 3466 1046 3537 ecclesiae
1076 3463 1531 3535 canonicorum
1574 3466 1802 3535 usibus
1851 3479 1916 3535 et
1968 3465 2332 3556 stipendiis,
2391 3465 2631 3537 nostris
2679 3482 2743 3537 et

487 3582 728 3652 luturis
791 3578 1210 3670 temporibus,
1275 3592 1578 3670 perpetua
1631 3580 1771 3669 lege
1831 3582 2187 3650 habeantur
2226 3593 2291 3650 et
2359 3593 2738 3663 teneantur3

487 3694 792 3767 videlicet
835 3708 903 3763 ut
939 3694 1245 3783 quicquid
1287 3715 1360 3763 ex
1399 3692 1495 3763 eis
1514 3696 1689 3783 juste
1719 3706 1784 3764 et
1823 3692 2281 3764 rationabiliter
2320 3695 2457 3763 fieri
2499 3708 2736 3784 potest,

490 3806 881 3881 utilitatibus
920 3821 982 3879 et
1009 3806 1503 3878 necessitatibus
1543 3811 2476 3899 memoratorumjclericorum‚
2505 3831 2741 3879 secun-

488 3926 649 3995 dum
734 3920 1355 3994 administrationem
1421 3922 1658 4016 proprii
1727 3922 2072 4014 pontificis»,
2130 3946 2385 4014 semper
2463 3926 2743 4016 praebeat

488 4051 912 4130 augmentum
959 4051 1023 4108 et
1075 4039 1617 4128 supplementum.
1684 4043 1760 4110 Ut
1812 4050 2023 4108 autem
2087 4042 2226 4110 haec
2284 4036 2742 4129 magnitudinis

567 4418 588 4453 ¹
631 4415 738 4473 Ces
766 4414 896 4485 cinq
925 4419 1093 4485 motS,
1125 4429 1236 4486 que
1261 4413 1509 4469 donnent
1555 4415 1608 4468 la
1651 4414 1809 4485 copie
1853 4413 1951 4470 des
1994 4416 2260 4471 Archives
2307 4416 2384 4471 du
2437 4415 2647 4484 Loiret,
2691 4417 2745 4472 la

498 4506 661 4578 copie
720 4504 792 4560 de
837 4505 980 4560 Dom
1032 4504 1218 4560 Geron
1272 4503 1424 4573 (coll.
1482 4504 1755 4574 Morem),
1823 4510 2133 4575 manquent
2184 4505 2323 4560 dans
2372 4506 2427 4561 la
2472 4505 2631 4577 copie
2677 4505 2746 4561 de

500 4596 707 4652 Baluze
718 4635 732 4649 .
