3485 5571
1341 666 1696 733 —401-

1437 924 1600 987 CCCI

1189 1153 1261 1214 21
1312 1153 1662 1216 decembre
1693 1152 1851 1216 4258

392 1332 576 1387 Vente
601 1348 671 1386 au
706 1331 974 1402 chapitre‚
997 1347 1097 1401 par
1125 1332 1178 1386 le
1211 1332 1384 1388 maire
1413 1332 1482 1388 de
1512 1332 1717 1387 l'Hotel
1751 1333 1833 1386 les
1860 1332 2100 1401 Jargeau
2130 1330 2642 1401 (Saint-Denis-de-

468 1428 720 1497 l'Hotel)‚
753 1427 820 1482 de
850 1444 940 1482 ses
970 1428 1145 1483 droits
1174 1444 1273 1484 sur
1299 1429 1353 1484 la
1379 1429 1528 1484 dlme
1554 1428 1653 1484 des
1681 1429 1872 1499 vignes
1892 1427 1958 1483 de
1980 1426 2359 1483 l'archidiacre
2390 1428 2458 1483 de
2480 1427 2643 1500 Sully

468 1524 625 1580 audit
656 1525 818 1579 Hotel
848 1531 1187 1596 moyennant
1213 1525 1286 1580 10
1311 1542 1443 1580 sous
1472 1525 1671 1597 parisis
1701 1525 1771 1580 de
1801 1530 1977 1580 rente.

863 1646 1042 1717 (Orig.
1073 1664 1122 1703 S.
1153 1647 1341 1719 parch.
1373 1647 1541 1702 Arch.
1578 1645 1654 1703 du
1682 1647 1891 1718 Loiret‚
1936 1647 2001 1704 G.
2032 1646 2185 1716 268.)

492 1815 815 1886 Omnibus
882 1828 1215 1905 presentes
1306 1815 1549 1887 litteras
1605 1817 2027 1908 inspecturiS,
2107 1815 2396 1887 officialis
2471 1814 2647 1886 curie

401 1929 894 2001 Aurelianensis>
934 1933 1203 2002 salutem
1245 1930 1307 2000 in
1344 1930 1644 2002 Domino.
1687 1930 2004 2003 Noveritis
2042 1933 2213 2022 quod
2269 1954 2414 2002 cum
2467 1929 2649 2020 Ragi-

402 2048 659 2132 nalduS,
707 2047 906 2136 major
930 2046 1010 2116 de
1036 2044 1359 2136 Hospicio,
1386 2045 1627 2116 diceret
1658 2069 1730 2117 se
1756 2049 1990 2117 debere
2017 2049 2253 2117 habere
2294 2048 2310 2114 i
2321 2069 2359 2115 n
2401 2043 2649 2116 decima

403 2158 736 2230 vinearum
779 2161 858 2229 de
889 2158 1383 2253 Hospiciojuxta
1419 2158 1799 2251 sau-gotium,
1832 2183 1989 2252 quas
2031 2174 2206 2231 tenet
2249 2160 2338 2230 vir
2379 2180 2648 2230 venera-

403 2272 555 2344 bilis
631 2276 973 2357 RobertuS,
1035 2273 1526 2344 archidiaconus
1575 2275 1990 2358 Soliacensis,
2043 2272 2301 2345 nomine
2368 2272 2645 2344 ecclesie

403 2387 908 2473 Aurelianensis,
954 2389 1268 2458 decimam
1297 2390 1580 2478 Jalletam
1612 2386 1739 2458 vini
1773 2387 2046 2471 decime,
2077 2403 2141 2460 et
2193 2388 2476 2479 qualibet
2543 2387 2651 2458 die

403 2525 532 2593 qua
584 2504 859 2572 traheret
898 2500 1065 2572 idem
1095 2505 1299 2592 major
1317 2501 1554 2572 dictam
1591 2503 1905 2572 decimam
1936 2503 2060 2572 vini
2092 2505 2361 2573 deberet
2388 2505 2652 2584 habere,

404 2631 471 2687 ut
501 2615 780 2700 dicebat,
816 2615 1150 2686 dimidium
1183 2620 1529 2686 sextarium
1564 2615 1688 2685 vini
1727 2640 1840 2706 pro
1873 2629 2075 2687 tractu
2103 2616 2270 2687 dicte
2295 2616 2567 2696 decime,
2593 2629 2657 2686 et

404 2733 623 2802 dictus
674 2727 1164 2802 archidiaconus
1225 2753 1352 2801 non
1405 2732 1819 2802 confiteretur
1881 2730 2163 2822 predicta
2240 2752 2384 2801 vera
2455 2752 2653 2813 csse;

410 2850 675 2918 tandem
716 2845 928 2916 dictus
968 2848 1193 2936 maJ'or,
1243 2844 1304 2914 in
1348 2860 1565 2915 nostra
1625 2844 1946 2935 presentia
2001 2844 2416 2925 constitutus,
2468 2845 2651 2935 quic-

404 2959 560 3051 quid
593 2958 758 3050 juris
789 2962 1064 3030 habebat
1104 2962 1197 3030 vel
1230 2962 1469 3030 habere
1512 2972 1758 3050 poterat
1786 2958 1993 3049 aliqua
2034 2960 2295 3030 racione
2337 2962 2433 3030 vel
2464 2982 2658 3030 causa

403 3086 468 3157 in
503 3072 809 3166 predictis
849 3087 1054 3145 tractu
1085 3087 1147 3144 et
1175 3072 1423 3144 decima
1450 3073 1622 3143 dicto
1649 3073 2104 3145 archidiacono
2144 3073 2405 3146 nomine
2430 3078 2658 3164 *eccle-

403 3190 502 3261 sie
530 3188 1008 3260 Aurelianensis
1046 3186 1354 3279 quictavit
1391 3186 1456 3257 in
1486 3202 1868 3278 perpetuum
1910 3202 1972 3257 et
2002 3187 2245 3258 dimisit
2271 3213 2384 3280 pro
2424 3191 2648 3260 decem

406 3303 636 3376 solidis
679 3301 1132 3394 parisiensium
1162 3301 1509 3372 reddendis
1542 3304 1843 3373 decetero
1892 3302 2078 3374 annis
2135 3301 2406 3393 singulis
2476 3304 2654 3374 dicto

406 3416 631 3510 maj0ri
666 3430 729 3488 et
756 3420 896 3509 ejus
932 3414 1276 3487 heredibus
1305 3415 1371 3485 in
1414 3419 1576 3487 festo
1641 3416 1998 3488 Nativitatis
2034 3416 2315 3488 Domini.
2355 3422 2652 3489 Preterea

406 3536 627 3604 dictus
665 3534 867 3622 maJ‘or
910 3531 1148 3601 dictum
1207 3529 1729 3601 archidiaconum
1814 3534 1892 3600 ab
1983 3532 2283 3603 omnibus
2344 3532 2471 3603 hiis
2531 3556 2655 3623 que

407 3650 720 3719 habuerat
747 3648 846 3717 vel
882 3653 1235 3736 receperat,
1281 3643 1335 3714 si
1366 3667 1490 3734 qua
1541 3660 1897 3737 receperat,
1959 3645 2172 3717 minus
2231 3649 2405 3737 juste
2466 3670 2656 3720 occa-

408 3762 597 3834 sione
635 3775 876 3832 tractus
906 3775 971 3831 et
1001 3759 1249 3831 decime
1290 3758 1721 3850 predictorum
1764 3774 1825 3831 et
1865 3765 1943 3832 ab
1983 3762 2285 3833 omnibus
2322 3762 2464 3834 aliis
2514 3768 2656 3854 qui-

410 3880 815 3966 buscumque
881 3873 1185 3965 quictavit
1235 3873 1493 3965 penitus
1559 3889 1623 3945 et
1685 3875 1974 3961 assolvit,
2029 3876 2411 3968 promittens
2485 3878 2655 3949 idem

411 3992 613 4081 major
637 4013 750 4081 per
789 3992 980 4060 fidem
1008 4012 1189 4059 suam
1229 3988 1293 4057 in
1334 4011 1527 4059 manu
1569 4004 1786 4059 nostra
1827 3991 2156 4080 prestitam
2202 3995 2372 4082 quod
2436 4008 2657 4065 contra

413 4108 700 4200 predicta
741 4103 953 4175 omnia
993 4116 1058 4174 et
1082 4101 1331 4193 singula
1372 4126 1488 4173 seu
1528 4088 1764 4194 aliquid
1816 4107 1893 4174 de
1936 4105 2236 4195 predictis
2266 4129 2380 4197 per
2449 4130 2519 4178 se
2560 4112 2656 4178 vel

413 4246 529 4316 per
580 4222 775 4294 alium
814 4221 1026 4312 aliquo
1065 4222 1231 4312 jure,
1272 4220 1523 4292 ratione
1551 4223 1647 4291 vel
1687 4243 1878 4292 causa
1946 4247 2075 4294 non
2117 4224 2326 4295 veniet
2377 4224 2441 4294 in
2489 4227 2657 4295 futu-

414 4362 581 4408 rum.
610 4341 678 4407 ln
705 4339 889 4428 cujus
914 4335 1003 4407 rei
1030 4339 1407 4406 memoriam
1431 4349 1495 4407 et
1512 4338 1958 4407 testimonium
1984 4361 2102 4409 nos
2127 4353 2458 4432 presentes
2490 4338 2658 4411 litte-

414 4476 519 4525 ras
554 4449 764 4542 sigillo
803 4449 980 4522 curie
1013 4448 1488 4521 Aurelianensis
1516 4448 1789 4521 fecimus
1820 4451 2121 4542 sigillare.
2190 4457 2425 4523 Datum
2488 4476 2660 4527 anno

415 4564 673 4640 Domini
705 4568 860 4636 MCC
892 4562 1430 4657 quinquagesimo
1457 4578 1707 4651 octavo,
1769 4565 1872 4637 die
1928 4565 2179 4641 sabbati
2235 4581 2383 4641 ante
2428 4569 2663 4641 Nativi-

416 4694 613 4755 tatem
641 4678 924 4752 Domini.

595 4823 741 4881 κήκ.
772 4837 903 4879 xxx.
2416 4826 2490 4887 26
