3485 5571
1812 703 1886 713 -
1930 668 2048 733 233
2092 705 2162 715 -

860 811 1082 861 versos
1112 790 1359 862 eisdem
1404 795 1543 886 lege
1583 794 1976 867 matrimonii
2018 802 2376 891 copulatos,
2424 801 2490 871 in
2531 823 2746 873 rerum
2807 826 3103 896 compen-

861 905 1177 978 sationem
1210 907 1642 1000 predictarum
1674 914 2024 1003 capitulum
2056 914 2452 1000 manumisit,
2495 928 2561 987 et
2583 919 2850 989 eosdem
2891 942 2926 990 a
2957 921 3105 1011 jugo

859 1027 1060 1097 totius
1097 1025 1426 1098 servitutis
1462 1029 1831 1111 absolvens,
1891 1027 2217 1099 concessit
2274 1028 2775 1102 irrevocabiliter
2818 1030 2998 1123 ipsos
3043 1032 3104 1104 in

861 1154 1241 1232 perpetuum
1268 1140 1503 1214 liberos
1544 1163 1945 1233 permanere.
1992 1145 2497 1214 pretereundum
2534 1142 2728 1215 etiam
2760 1166 2892 1216 non
2933 1147 3100 1216 duxi-

861 1278 1006 1327 mus
1031 1260 1379 1328 Aubertum
1407 1280 1442 1328 a
1474 1256 1757 1348 capitulo
1781 1280 1896 1348 pro
1926 1256 2281 1348 quitatione
2308 1260 2593 1351 predicta
2619 1269 2883 1331 centum
2915 1262 3100 1332 libras

860 1372 1315 1464 ⁴parisiensium
1378 1393 1525 1443 cum
1586 1372 1930 1465 pretaxatis
1964 1374 2158 1443 rebus
2218 1370 2361 1443 aliis
2400 1372 2753 1466 recepisse.
2807 1376 2995 1460 Quod
3046 1371 3106 1443 in

866 1501 1084 1559 nostra
1125 1490 1359 1558 sactum
1387 1486 1711 1579 presentia
1768 1500 1836 1556 ut
1900 1501 2123 1558 notum
2175 1501 2545 1578 permaneat
2603 1503 2667 1559 et
2737 1503 3105 1581 perpetuam

866 1601 1151 1674 obtineat
1206 1605 1602 1686 firmitatem,
1666 1615 2034 1696 presentem
2078 1599 2375 1692 paginam
2416 1604 2493 1672 ad
2556 1600 2936 1693 petitionem
2977 1624 3105 1692 par-

868 1716 1028 1788 tium
1098 1718 1288 1810 sigilli
1332 1717 1539 1789 nostri
1583 1723 1907 1789 caractere
1957 1714 2228 1788 lecimus
2271 1715 2583 1787 roborari.
2652 1721 2880 1787 Actum
2950 1738 3108 1787 anno

865 1835 1067 1924 gratie
1089 1836 1242 1905 MCC
1269 1855 1465 1916 nono,
1498 1831 1707 1924 vigilia
1740 1830 2207 1903 purificationis
2230 1830 2697 1923 gloriosissime
2716 1829 2831 1902 Dei
2854 1828 3108 1922 genitri-

868 1948 989 2031 ciS‚
1031 1947 1095 2019 in
1140 1948 1420 2041 generali
1462 1947 1771 2040 capitulo.

1902 2329 2083 2391 CLIV

1198 2638 1409 2714 PariS,
1438 2636 1596 2700 1210
1633 2635 1739 2717 [1²³r
1764 2634 2128 2699 novembre
2160 2651 2248 2697 au
2285 2632 2321 2695 2
2354 2632 2517 2696 avril
2544 2629 2749 2711 1211}

864 2900 1431 2972 Philipps-Auguste,
1479 2894 1643 2966 apres
1693 2893 1957 2963 enquete,
2017 2889 2285 2945 confirmo
2337 2903 2410 2942 au
2456 2883 2706 2958 chapitre
2756 2884 2809 2939 le
2850 2882 3001 2938 droit
3042 2879 3106 2934 de

930 2998 1115 3054 tailler
1143 2998 1225 3052 les
1254 2994 1397 3051 serfs
1426 2991 1497 3048 de
1527 3006 1616 3046 ses
1646 2995 1828 3046 terres
1849 2985 2226 3057 d’Etampois:
2257 2999 2402 3056 pour
2429 2983 2482 3037 le
2510 2981 2724 3037 service
2743 2980 2822 3035 du
2850 2979 2951 3048 roi,
2971 2989 3108 3049 pour

932 3100 985 3155 la
1019 3099 1247 3154 defense
1277 3096 1346 3151 de
1376 3094 1528 3149 leurs
1565 3091 1726 3146 biens
1758 3093 1812 3143 et
1841 3087 1940 3143 des
1964 3092 2142 3142 terres
2171 3084 2248 3139 du
2276 3082 2548 3155 chapitre,
2579 3079 2770 3152 quand
2798 3079 2871 3134 ils
2895 3079 3104 3134 fontan

930 3198 1091 3254 achat
1121 3199 1175 3251 et
1204 3209 1349 3266 pour
1378 3190 1432 3246 le
1462 3189 1629 3260 Pape.

1018 3344 1160 3413 (Bib.
1203 3341 1331 3397 Nat.
1385 3337 1525 3396 Coll.
1576 3336 1828 3399 Moreau,
1873 3329 2017 3404 114:
2068 3328 2158 3383 43.
2215 3347 2238 3377 ι
2281 3324 2493 3382 Extrait
2541 3323 2618 3379 du
2662 3321 2963 3379 cartulaire

1501 3433 1571 3488 de
1609 3427 2021 3497 Seium-croix,
2060 3424 2109 3479 1⁰
2135 3422 2245 3482 203
2283 3433 2340 3477 r⁰
2371 3424 2450 3491 ι.)

946 3689 1015 3757 1n
1054 3680 1314 3755 nomine
1354 3690 1576 3749 sancte
1616 3687 1681 3746 et
1717 3668 2046 3742 individue
2085 3659 2432 3736 Trinitatis,
2477 3664 2701 3730 Amen.
2750 3655 3097 3747 Philippus,

858 3801 972 3876 Dei
1013 3821 1222 3892 gracna
1262 3799 1652 3865 Francorum
1678 3809 1811 3858 rex.
1851 3779 2156 3854 Noverint
2174 3773 2453 3849 universi
2495 3785 2833 3865 presentes
2868 3767 3093 3861 pariter

857 3932 920 3991 et
951 3912 1141 3987 futuri
1168 3912 1340 4004 quod
1370 3930 1517 3979 cum
1564 3900 1863 3975 homines
1902 3900 1983 3968 de
2046 3910 2212 3966 terra
2253 3896 2490 3963 Sancte
2556 3884 2780 3959 Crucis
2823 3878 3102 4004 Aurelia:

859 4031 1083 4106 nensis
1124 4030 1205 4098 de
1236 4019 1596 4114 Stampasio
1640 4017 1784 4109 (sic)
1825 4037 1860 4084 a
1899 4010 2184 4103 capitulo
2231 4006 2520 4097 ejusdem
2562 3998 2841 4072 ecclesie
2887 3997 3097 4069 talliau

855 4150 933 4221 ad
977 4169 1096 4217 nos
1122 4136 1588 4234 querimoniam
1619 4135 2069 4222 deportassent
2110 4122 2280 4214 quod
2314 4115 2608 4190 canonici
2659 4136 2790 4206 non
2844 4119 3101 4205 possent

854 4287 969 4335 eos
996 4260 1262 4341 talliare,
1306 4252 1429 4325 nisi
1457 4274 1577 4322 nos
1616 4250 1694 4319 ab
1735 4244 1981 4316 eisdem
2014 4234 2344 4311 canonicis
2366 4233 2695 4321 exigamus
2748 4245 3097 4299 sacramen-

855 4395 1021 4463 tum,
1052 4396 1245 4466 super
1269 4374 1393 4441 hoc
1427 4359 1910 4456 inquisitionem
1969 4351 2103 4425 fieri
2145 4348 2440 4431 fecimus,
2482 4358 2545 4417 et
2601 4365 2718 4435 per
2749 4345 3095 4460 juramenta

854 4480 1662 4585 legitimorumthominum
1707 4488 1838 4545 tam
1901 4466 2179 4541 militum
2218 4484 2410 4554 quam
2460 4458 2881 4531 servientium
2922 4453 3095 4523 nolus

854 4609 1042 4700 plene
1089 4599 1379 4675 constitit
1414 4596 1585 4687 quod
1640 4590 1995 4682 capitulum
2066 4579 2424 4674 predictum
2487 4570 2786 4646 homines
2825 4571 2905 4640 de
2940 4581 3092 4638 terra

855 4744 970 4794 sua
1010 4715 1294 4813 predicta
1326 4724 1539 4807 potest
1580 4704 1825 4780 talliare
1861 4723 1976 4794 pro
2009 4695 2282 4769 servicio
2322 4703 2575 4771 nostro,
2618 4696 2686 4758 et
2707 4707 2827 4777 pro
2871 4699 3090 4775 expen-
