3485 5571
1737 669 2097 733 —194—

1834 1091 1994 1153 CXII

1565 1417 1641 1480 24
1678 1415 2037 1480 decembre
2083 1414 2242 1480 1194

783 1688 1137 1763 Application
1183 1689 1260 1745 du
1306 1690 1461 1762 loyor
1505 1688 1606 1746 des
1651 1691 1897 1746 maisons
1943 1643 2224 1761 reparetis⁴
2251 1687 2321 1744 do
2366 1686 2753 1744 l’archidiacre
2801 1689 2939 1744 Jean
2980 1693 3034 1743 et

998 1785 1303 1856 d’Anseau,
1333 1802 1437 1842 son
1466 1786 1635 1857 frere,
1667 1787 1700 1842 a
1727 1786 1783 1842 la
1810 1784 2151 1841 celebration
2179 1783 2250 1840 de
2277 1784 2405 1841 leur
2428 1783 2825 1840 anniversaire.

1258 1956 1437 2028 (Or-ig.
1471 1974 1520 2015 s.
1553 1957 1746 2030 parch.
1776 1957 1947 2014 Arch.
1980 1956 2057 2012 du
2085 1955 2291 2026 Loiret‚
2317 1956 2384 2012 G.
2414 1954 2564 2026 268).

877 2229 1009 2318 Ego
1065 2227 1320 2319 H[ugo],
1374 2225 1850 2300 Aurelianensis
1919 2226 2197 2300 ecclesie
2256 2229 2573 2314 decanus,
2638 2223 3036 2297 universum-

789 2363 914 2433 que
944 2342 1236 2432 ejusdem
1264 2341 1542 2414 ecclesie
1575 2340 1952 2434 capitulum,
1994 2343 2303 2414 omnibus
2335 2354 2701 2433 presentem
2727 2338 3021 2432 paginam

786 2453 1154 2526 videntibus
1215 2454 1279 2524 in
1325 2455 1602 2528 Domino
1638 2459 1938 2528 salutem.
1980 2460 2131 2527 Tam
2188 2455 2585 2548 presentium
2641 2477 2833 2546 quam
2874 2458 3036 2525 futu·

786 2592 1000 2641 rorum
1043 2569 1290 2639 noverit
1314 2569 1717 2657 universitas,
1752 2572 1901 2661 quia
1926 2592 2046 2641 nos
2071 2572 2479 2642 attendentes
2518 2567 3035 2641 emendationem

786 2706 820 2754 a
856 2684 1175 2766 Johanne,
1215 2685 1670 2756 archidiacono
1696 2698 1945 2772 nostro,
1980 2697 2047 2755 et
2084 2688 2163 2756 ab
2194 2687 2477 2767 Anselto,
2519 2687 2710 2755 fratre
2741 2685 2913 2774 ejus,
2977 2680 3040 2751 in

788 2798 1073 2889 ipsorum
1119 2796 1418 2869 domibus
1457 2801 1714 2884 tactam,
1740 2798 2228 2871 considerantes
2278 2812 2566 2890 preterea
2610 2796 3039 2890 integritatem

790 2910 1152 2982 devotionis
1181 2934 1372 3002 quam
1418 2934 1569 3004 erga
1602 2911 1945 2984 ecclesiam
1978 2927 2263 2985 nostram
2295 2912 2671 3005 impendere
2696 2909 3043 2983 dinoscun-

795 3040 928 3110 tur,
967 3028 1046 3095 ad
1115 3047 1342 3116 preces
1400 3028 1737 3117 utriusque
1804 3025 2250 3099 concessimus
2317 3041 2409 3112 ut,
2488 3040 2635 3118 post
2704 3027 3042 3097 decessum

793 3161 1045 3225 eorum,
1088 3138 1397 3231 quicquid
1435 3142 1779 3232 pensionis
1816 3163 1893 3212 ex
1932 3143 2232 3213 domibus
2271 3141 2399 3212 inis
2438 3138 2769 3233 proveniet
2806 3141 2873 3210 in
2913 3162 3044 3209 am·

795 3257 1021 3324 borum
1065 3254 1519 3327 anniversariis
1587 3254 1927 3327 dividatur.
1981 3259 2057 3328 Et
2119 3270 2188 3328 ut
2243 3260 2364 3327 hec
2432 3268 2653 3326 nostra
2704 3255 3043 3327 concessio

750 3408 758 3415 ·
796 3366 1035 3438 firmior
1075 3384 1506 3459 permaneret,
1540 3367 1732 3461 sigilli
1777 3372 1982 3441 nostri
2019 3368 2374 3441 munimine
2413 3367 2686 3442 fecimus
2722 3367 3036 3440 roborari.

794 3486 1023 3552 Actum
1077 3482 1143 3553 in
1190 3481 1470 3574 capitulo
1529 3496 1776 3571 nostro,
1823 3486 1891 3553 in
1936 3482 2147 3576 vigilia
2180 3484 2464 3556 Nathalis
2512 3482 2797 3567 Domini,
2858 3501 3028 3552 anno

794 3594 1253 3667 incarnationis
1283 3594 1623 3669 Dominice
1662 3601 2010 3669 MCXCIIH.
