3485 5571
1703 579 1779 593 ...
1823 545 1940 609 193
1984 580 2055 591 -

756 671 1000 744 tudinis
1041 671 1345 743 lectulum
1375 670 1754 757 decidisset,
1808 693 1931 742 nos
1974 684 2040 742 et
2083 669 2358 743 dilectos
2395 670 2459 741 in
2502 667 2760 744 Christo
2800 676 3008 764 Rugo-

756 809 902 859 nem
952 789 1032 858 de
1073 783 1343 857 Feritate
1381 799 1446 858 et
1498 787 1905 876 Radulpbum
1962 788 2250 856 Har-euch
2300 784 2670 857 testamenti
2725 785 2824 857 sui
2860 807 3008 858 exe-

747 911 1008 973 cutores
1048 898 1409 983 constituit,
1470 898 1557 971 ita
1606 901 1778 991 quod
1820 897 1873 970 si
1913 921 2145 971 omues
2183 922 2314 972 non
2355 921 2698 991 possemus
2743 902 3002 983 adesse,

749 1018 878 1087 duo
922 1028 1246 1099 nostrum,
1277 1015 1569 1085 absentia
1625 1012 1806 1085 tercii
1848 1035 1978 1084 non
2037 1015 2364 1099 obstante,
2387 1013 2453 1083 in
2491 1015 2865 1104 exequenda
2900 1036 3008 1086 ex-

746 1141 951 1202 trema
982 1130 1403 1221 procederent
1437 1129 1791 1200 voluntate.
1827 1130 1986 1197 Cum
2026 1125 2220 1217 igitur
2268 1141 2528 1219 propter
2563 1130 2689 1198 hoc
2729 1127 3004 1198 Aurelia-

746 1242 849 1315 nis
880 1266 1001 1315 nos
1032 1256 1098 1315 et
1136 1243 1443 1314 Radullus
1483 1246 1727 1313 Harens
1762 1242 1830 1312 in
1895 1244 2131 1312 Sancte
2170 1239 2394 1312 Crucis
2448 1240 2736 1330 capitulo
2775 1263 3004 1313 conve·

748 1358 1101 1441 nissemus,
1145 1357 1315 1429 idem
1356 1358 1666 1428 Radulsus
1697 1358 1926 1428 domos
1966 1358 2342 1427 claustrales
2381 1369 2447 1427 et
2468 1362 2745 1447 quatuor
2779 1355 2992 1429 vinea-

745 1496 887 1545 rum
917 1483 1208 1564 arpenta,
1280 1451 1446 1562 apud
1505 1470 1709 1541 Vilers
1786 1468 1936 1553 sita,
1978 1468 2101 1540 sibi
2163 1467 2228 1539 in
2291 1468 2715 1541 elemosinam
2774 1473 2997 1542 collata

745 1586 952 1659 fuisse
990 1589 1069 1657 ab
1108 1584 1253 1677 ipso
1292 1586 1654 1666 Buchardo,
1708 1606 1834 1675 qne
1877 1583 2048 1655 idem
2104 1585 2478 1655 Buchardus
2517 1582 2704 1655 titulo
2738 1583 3005 1677 emptio·

753 1702 855 1772 nis
878 1703 1212 1784 habuerat,
1254 1700 1695 1790 proponebat;
1740 1700 2022 1769 decanus
2054 1710 2268 1770 autem
2307 1710 2374 1769 et
2394 1699 2747 1789 capitulum
2780 1702 3006 1771 Sancte

757 1814 981 1887 Crucis
1053 1812 1119 1883 in
1177 1816 1570 1900 contrarium
1641 1814 1998 1903 allegabant
2059 1815 2291 1884 domos
2350 1813 2612 1884 easdem
2664 1826 2732 1884 et
2795 1812 3007 1885 vineas

752 1929 876 2002 sibi
906 1932 986 2001 de
1028 1931 1353 2000 voluntate
1383 1924 1583 2019 ipsius
1610 1915 1923 1998 Buchardi
1964 1926 2276 2018 obligatas
2315 1949 2432 2019 pro
2469 1928 2887 2019 quadraginta
2911 1927 2992 1998 li-

754 2044 888 2115 bris
928 2040 1377 2135 parisiensium
1409 2063 1570 2132 quas
1591 2041 1804 2112 dictus
1829 2044 2204 2113 Buchardus
2242 2039 2338 2113 eis
2377 2064 2493 2133 pro
2531 2045 2712 2113 firma
2750 2041 2997 2115 Maziaci

756 2158 1005 2227 solvere
1066 2157 1428 2238 tenebatur,
1492 2155 1808 2225 addentes
1857 2157 2029 2245 quod
2096 2157 2422 2246 sepefatus
2470 2157 2845 2227 Buchardus
2883 2177 2999 2248 pro

753 2266 1098 2341 venerabili
1148 2266 1631 2356 consanguineo
1670 2282 1891 2340 nostro
1947 2270 2295 2362 B[ugone]‚
2330 2271 2656 2361 quondam
2698 2272 3003 2362 episcopo

743 2381 1249 2475 Dunelm[ensi]‚
1309 2395 1531 2472 patruo
1586 2404 1731 2466 suo,
1774 2404 1847 2454 se
1884 2383 2332 2455 constituisset
2393 2387 2462 2454 in
2529 2405 2781 2454 summa
2820 2399 2995 2456 octo-

750 2497 923 2590 ginta
964 2518 1322 2567 marcarum
1361 2493 1607 2586 argenti
1648 2499 1881 2567 Sancte
1921 2489 2144 2568 Crucis
2184 2496 2461 2588 capitulo
2491 2495 2869 2586 debitorem,
2913 2497 2996 2568 si-

757 2627 865 2684 cut
894 2633 1106 2683 coram
1139 2609 1484 2683 venerabili
1544 2610 1808 2683 domino
1856 2624 1921 2684 et
1970 2615 2158 2683 fratre
2212 2626 2434 2683 nostro
2483 2612 2857 2706 ›H[enrico],
2910 2613 3002 2685 Bi·

761 2724 1069 2798 turicensi
1111 2723 1624 2818 archiepiscopo,
1668 2738 1732 2796 et
1784 2746 1998 2797 coram
2041 2728 2230 2797 nobis
2270 2749 2380 2819 per
2423 2738 2651 2811 testes,
2686 2725 2862 2798 omni
2899 2750 3000 2800 ex·

754 2841 1050 2934 ceptione
1077 2842 1386 2932 majores,
1430 2839 1547 2910 luit
1584 2840 1835 2912 cercius
1873 2844 2322 2931 approbatum.
2361 2844 2485 2913 Sed
2531 2855 2595 2913 et
2632 2840 2726 2912 vir
2765 2842 2988 2915 nobilis

749 2978 970 3028 comes
1009 2954 1182 3025 Barri
1222 2968 1284 3025 et
1325 2956 1404 3025 de
1433 2958 1712 3026 Puteaco
1740 2954 2066 3041 dominus,
2098 2954 2254 3026 dicti
2288 2954 2601 3026 Buchardi
2634 2977 2861 3048 nepos,
2890 2959 3000 3029 do-

757 3093 900 3142 mos
939 3069 1116 3162 ipsas
1170 3083 1233 3140 et
1273 3067 1492 3140 vineas
1540 3071 1617 3138 ad
1677 3091 1749 3139 se
1783 3071 1928 3160 jure
1990 3067 2375 3141 hereditario
2428 3072 2760 3142 devolutas
2825 3094 2862 3144 e
2898 3069 2995 3143 di-

754 3206 939 3255 verso
970 3181 1383 3254 constancius
1423 3185 1778 3253 asserebat.
1822 3185 1912 3253 Ne
1943 3204 2096 3274 ergo
2133 3185 2436 3254 Radullus
2492 3187 2758 3273 Harens,
2821 3198 3002 3259 testa·

757 3295 956 3369 menti
989 3298 1326 3368 nobiscum
1385 3296 1552 3367 sicut
1593 3296 1836 3367 dictum
1870 3310 1971 3368 est
2009 3310 2334 3381 executor,
2369 3295 2606 3370 actoris
2663 3320 2996 3392 personam

756 3424 821 3485 et
843 3410 1074 3503 judicis
1109 3433 1331 3501 gerere
1373 3409 1717 3492 videretur,
1762 3424 1888 3481 tam
1930 3410 2069 3502 ipse
2105 3413 2413 3483 Radullus
2442 3435 2636 3503 quam
2671 3436 2893 3485 comes
2928 3412 2989 3483 in

759 3546 880 3595 nos
918 3545 1113 3615 super
1142 3526 1265 3594 hoc
1300 3521 1913 3614 compromiserunt,
1944 3538 2010 3595 et
2037 3527 2206 3615 quod
2237 3539 2530 3596 nostrum
2572 3524 2635 3595 in
2676 3540 2854 3617 parte
2892 3529 3006 3597 hac

759 3638 1024 3710 firmiter
1074 3640 1528 3710 observaretur
1598 3638 1968 3721 arbitrium,
2037 3639 2419 3731 interposita
2479 3639 2827 3712 christiane
2867 3641 3006 3712 fidei

759 3752 1093 3844 religione,
1137 3738 1487 3823 firmarunt.
1532 3751 1969 3844 Intelligentes
2039 3752 2232 3844 igitur
2293 3776 2371 3824 ex
2447 3757 2707 3846 publico
2774 3753 3008 3826 instru-

763 3881 980 3938 mento
1018 3864 1329 3937 Buchardi
1373 3868 1542 3957 quod
1572 3865 1744 3937 idem
1784 3868 2162 3939 Buchardus
2201 3890 2316 3959 pro
2364 3870 2548 3939 firma
2583 3867 2832 3940 Maziaci
2909 3891 3007 3941 ca·

764 3974 964 4075 pitulo
1004 3984 1236 4052 Sancte
1276 3981 1498 4051 Crucis
1526 3984 1622 4050 XL
1665 3979 1860 4053 libras
1905 3978 2277 4071 parisiensis
2318 3995 2574 4054 monete
2613 3985 2913 4066 deberet,
2948 3997 3011 4053 et

761 4097 1046 4189 quinque
1090 4092 1340 4165 idoneis
1377 4093 1676 4178 testibus,
1715 4092 2021 4185 omnique
2060 4092 2434 4187 exceptione
2474 4095 2852 4187 majoribus,
2907 4100 3009 4188 ju·

762 4221 1053 4281 ramento
1093 4206 1359 4299 prestito
1400 4205 1888 4300 perhibentibus
1914 4211 2086 4299 quod
2121 4205 2450 4299 octoginta
2500 4230 2852 4280 marcarum
2899 4230 3008 4300 pro

766 4335 988 4416 patruo
1028 4343 1147 4392 suo
1199 4342 1271 4391 se
1341 4319 1783 4392 constituisset
1847 4319 2132 4412 predicto
2187 4318 2469 4412 capitulo
2517 4321 2897 4408 debitorem,
2932 4323 3009 4392 de

765 4440 1153 4531 prudentum
1177 4433 1452 4507 virorum
1473 4433 1744 4506 consilio
1767 4435 1976 4526 ipsum
2003 4436 2460 4528 B[uchardum]
2480 4436 2759 4528 capitulo
2780 4439 3005 4508 Sancte

765 4552 985 4626 Crucis
1046 4551 1110 4623 in
1171 4574 1421 4624 summa
1466 4554 1882 4624 ducentarum
1952 4548 2253 4622 librarum
2319 4563 2578 4623 monete
2635 4548 3002 4642 parisiensis
