<?xml version="1.0" encoding="UTF-8"?>
<!DOCTYPE html PUBLIC "-//W3C//DTD XHTML 1.0 Transitional//EN"
    "http://www.w3.org/TR/xhtml1/DTD/xhtml1-transitional.dtd">
<html xmlns="http://www.w3.org/1999/xhtml" xml:lang="en" lang="en">
 <head>
  <title>
</title>
<meta http-equiv="Content-Type" content="text/html;charset=utf-8" />
  <meta name='ocr-system' content='tesseract 3.04.00' />
  <meta name='ocr-capabilities' content='ocr_page ocr_carea ocr_par ocr_line ocrx_word'/>
</head>
<body>
  <div class='ocr_page' id='page_1' title='image "./cartulairedesai00thilgoog_0704.png"; bbox 0 0 3485 5571; ppageno 0'>
   <div class='ocr_carea' id='block_1_1' title="bbox 1733 625 2090 690">
    <p class='ocr_par' dir='ltr' id='par_1_1' title="bbox 1733 625 2090 690">
     <span class='ocr_line' id='line_1_1' title="bbox 1733 625 2090 690; baseline -0.008 0"><span class='ocrx_word' id='word_1_1' title='bbox 1733 625 2090 690; x_wconf 45' lang='lat' dir='ltr'><strong>-522-f</strong></span> 
     </span>
    </p>
   </div>
   <div class='ocr_carea' id='block_1_2' title="bbox 1702 997 2122 1061">
    <p class='ocr_par' dir='ltr' id='par_1_2' title="bbox 1702 997 2122 1061">
     <span class='ocr_line' id='line_1_2' title="bbox 1702 997 2122 1061; baseline -0.007 -2"><span class='ocrx_word' id='word_1_2' title='bbox 1702 998 1848 1061; x_wconf 89' lang='lat' dir='ltr'><strong>CCC</strong></span> <span class='ocrx_word' id='word_1_3' title='bbox 1857 997 2122 1059; x_wconf 86' lang='lat' dir='ltr'>LXXVII</span> 
     </span>
    </p>
   </div>
   <div class='ocr_carea' id='block_1_3' title="bbox 1688 1295 2131 1379">
    <p class='ocr_par' dir='ltr' id='par_1_3' title="bbox 1688 1295 2131 1379">
     <span class='ocr_line' id='line_1_3' title="bbox 1688 1295 2131 1379; baseline 0.005 -22"><span class='ocrx_word' id='word_1_4' title='bbox 1688 1295 2077 1379; x_wconf 72' lang='lat'>[1134-1146]</span> <span class='ocrx_word' id='word_1_5' title='bbox 2114 1295 2131 1335; x_wconf 84' lang='lat'>¹</span> 
     </span>
    </p>
   </div>
   <div class='ocr_carea' id='block_1_4' title="bbox 824 1524 3012 1678">
    <p class='ocr_par' dir='ltr' id='par_1_4' title="bbox 824 1524 3012 1678">
     <span class='ocr_line' id='line_1_4' title="bbox 824 1524 3012 1600; baseline -0.002 -14"><span class='ocrx_word' id='word_1_6' title='bbox 824 1529 1187 1587; x_wconf 83' lang='lat' dir='ltr'><strong>Interdiction</strong></span> <span class='ocrx_word' id='word_1_7' title='bbox 1237 1529 1269 1583; x_wconf 70' lang='lat' dir='ltr'><strong>a</strong></span> <span class='ocrx_word' id='word_1_8' title='bbox 1324 1532 1477 1583; x_wconf 86' lang='lat' dir='ltr'><strong>toute</strong></span> <span class='ocrx_word' id='word_1_9' title='bbox 1532 1542 1816 1600; x_wconf 86' lang='lat' dir='ltr'><strong>personne</strong></span> <span class='ocrx_word' id='word_1_10' title='bbox 1871 1526 2060 1598; x_wconf 85' lang='lat' dir='ltr'><strong>lai&#39;que</strong></span> <span class='ocrx_word' id='word_1_11' title='bbox 2106 1525 2382 1581; x_wconf 78' lang='lat' dir='ltr'><strong>d’habiter</strong></span> <span class='ocrx_word' id='word_1_12' title='bbox 2419 1524 2559 1581; x_wconf 86' lang='lat' dir='ltr'><strong>dans</strong></span> <span class='ocrx_word' id='word_1_13' title='bbox 2602 1525 2654 1581; x_wconf 88' lang='lat' dir='ltr'><strong>le</strong></span> <span class='ocrx_word' id='word_1_14' title='bbox 2702 1526 2897 1582; x_wconf 79' lang='lat' dir='ltr'><strong>clottre</strong></span> <span class='ocrx_word' id='word_1_15' title='bbox 2941 1525 3012 1581; x_wconf 85' lang='lat' dir='ltr'><strong>de</strong></span> 
     </span>
     <span class='ocr_line' id='line_1_5' title="bbox 1711 1622 2124 1678; baseline 0 0"><span class='ocrx_word' id='word_1_16' title='bbox 1711 1622 2124 1678; x_wconf 81' lang='lat' dir='ltr'><strong>Sainte-Croix.</strong></span> 
     </span>
    </p>
   </div>
   <div class='ocr_carea' id='block_1_5' title="bbox 791 1767 3036 1936">
    <p class='ocr_par' dir='ltr' id='par_1_5' title="bbox 791 1767 3036 1936">
     <span class='ocr_line' id='line_1_6' title="bbox 893 1767 2941 1842; baseline -0.002 -16"><span class='ocrx_word' id='word_1_17' title='bbox 893 1770 1108 1842; x_wconf 87' lang='lat' dir='ltr'><strong>(Copie.</strong></span> <span class='ocrx_word' id='word_1_18' title='bbox 1139 1769 1261 1826; x_wconf 84' lang='lat' dir='ltr'><strong>Bib.</strong></span> <span class='ocrx_word' id='word_1_19' title='bbox 1291 1771 1418 1826; x_wconf 85' lang='lat' dir='ltr'><strong>Nat.</strong></span> <span class='ocrx_word' id='word_1_20' title='bbox 1453 1769 1681 1824; x_wconf 83' lang='lat' dir='ltr'><strong>Moreau</strong></span> <span class='ocrx_word' id='word_1_21' title='bbox 1709 1768 1818 1823; x_wconf 72' lang='lat'><strong>208</strong></span> <span class='ocrx_word' id='word_1_22' title='bbox 1846 1785 1859 1822; x_wconf 93' lang='lat'>:</span> <span class='ocrx_word' id='word_1_23' title='bbox 1900 1767 1989 1823; x_wconf 81' lang='lat'><strong>82.</strong></span> <span class='ocrx_word' id='word_1_24' title='bbox 2045 1787 2075 1821; x_wconf 86' lang='lat'><strong>‹</strong></span> <span class='ocrx_word' id='word_1_25' title='bbox 2107 1768 2238 1823; x_wconf 72' lang='lat' dir='ltr'><strong>Tire</strong></span> <span class='ocrx_word' id='word_1_26' title='bbox 2270 1767 2342 1822; x_wconf 93' lang='lat' dir='ltr'><strong>du</strong></span> <span class='ocrx_word' id='word_1_27' title='bbox 2375 1768 2587 1825; x_wconf 80' lang='lat' dir='ltr'><strong>Curtul.</strong></span> <span class='ocrx_word' id='word_1_28' title='bbox 2623 1768 2692 1823; x_wconf 86' lang='lat' dir='ltr'><strong>de</strong></span> <span class='ocrx_word' id='word_1_29' title='bbox 2720 1767 2941 1838; x_wconf 69' lang='lat' dir='ltr'><strong>l’eglise</strong></span> 
     </span>
     <span class='ocr_line' id='line_1_7' title="bbox 791 1863 3036 1936; baseline 0 -15"><span class='ocrx_word' id='word_1_30' title='bbox 791 1865 862 1921; x_wconf 84' lang='lat' dir='ltr'><strong>de</strong></span> <span class='ocrx_word' id='word_1_31' title='bbox 904 1866 1306 1936; x_wconf 60' lang='lat' dir='ltr'><strong>&amp;inte-Crob,</strong></span> <span class='ocrx_word' id='word_1_32' title='bbox 1356 1864 1456 1921; x_wconf 79' lang='lat' dir='ltr'><strong>fol.</strong></span> <span class='ocrx_word' id='word_1_33' title='bbox 1513 1863 1586 1921; x_wconf 80' lang='lat'><strong>44</strong></span> <span class='ocrx_word' id='word_1_34' title='bbox 1623 1870 1696 1921; x_wconf 70' lang='lat'><strong>1⁶⁰.</strong></span> <span class='ocrx_word' id='word_1_35' title='bbox 1733 1885 1763 1917; x_wconf 66' lang='lat' dir='ltr'><strong>n</strong></span> <span class='ocrx_word' id='word_1_36' title='bbox 1817 1865 2036 1936; x_wconf 77' lang='lat' dir='ltr'><strong>Envoye</strong></span> <span class='ocrx_word' id='word_1_37' title='bbox 2075 1880 2177 1936; x_wconf 84' lang='lat' dir='ltr'><strong>par</strong></span> <span class='ocrx_word' id='word_1_38' title='bbox 2225 1863 2292 1920; x_wconf 87' lang='lat' dir='ltr'><strong>D.</strong></span> <span class='ocrx_word' id='word_1_39' title='bbox 2339 1864 2407 1919; x_wconf 89' lang='lat' dir='ltr'><strong>G.</strong></span> <span class='ocrx_word' id='word_1_40' title='bbox 2459 1866 2512 1919; x_wconf 91' lang='lat' dir='ltr'><strong>le</strong></span> <span class='ocrx_word' id='word_1_41' title='bbox 2559 1864 2627 1918; x_wconf 90' lang='lat'><strong>18</strong></span> <span class='ocrx_word' id='word_1_42' title='bbox 2658 1863 2796 1920; x_wconf 83' lang='lat' dir='ltr'><strong>avril</strong></span> <span class='ocrx_word' id='word_1_43' title='bbox 2842 1863 3036 1931; x_wconf 81' lang='lat'><strong>1765).</strong></span> 
     </span>
    </p>
   </div>
   <div class='ocr_carea' id='block_1_6' title="bbox 785 2079 3045 3770">
    <p class='ocr_par' dir='ltr' id='par_1_6' title="bbox 785 2079 3045 3770">
     <span class='ocr_line' id='line_1_8' title="bbox 881 2079 3044 2175; baseline -0.003 -20"><span class='ocrx_word' id='word_1_44' title='bbox 881 2086 1268 2175; x_wconf 84' lang='lat' dir='ltr'><strong>Stephanus,</strong></span> <span class='ocrx_word' id='word_1_45' title='bbox 1333 2079 1809 2154; x_wconf 76' lang='lat' dir='ltr'>Aurelianensis</span> <span class='ocrx_word' id='word_1_46' title='bbox 1859 2081 2134 2153; x_wconf 80' lang='lat' dir='ltr'><strong>ecclesie</strong></span> <span class='ocrx_word' id='word_1_47' title='bbox 2174 2083 2480 2165; x_wconf 87' lang='lat' dir='ltr'><strong>decanus,</strong></span> <span class='ocrx_word' id='word_1_48' title='bbox 2526 2084 2850 2173; x_wconf 89' lang='lat' dir='ltr'><strong>Stephano</strong></span> <span class='ocrx_word' id='word_1_49' title='bbox 2895 2082 3044 2151; x_wconf 90' lang='lat' dir='ltr'><strong>sub·</strong></span> 
     </span>
     <span class='ocr_line' id='line_1_9' title="bbox 790 2193 3044 2287; baseline -0.002 -18"><span class='ocrx_word' id='word_1_50' title='bbox 790 2200 1060 2281; x_wconf 81' lang='lat' dir='ltr'><strong>decane,</strong></span> <span class='ocrx_word' id='word_1_51' title='bbox 1089 2196 1393 2268; x_wconf 87' lang='lat' dir='ltr'><strong>Zacharie</strong></span> <span class='ocrx_word' id='word_1_52' title='bbox 1424 2194 1667 2267; x_wconf 90' lang='lat' dir='ltr'><strong>cantori</strong></span> <span class='ocrx_word' id='word_1_53' title='bbox 1700 2208 1763 2266; x_wconf 92' lang='lat' dir='ltr'><strong>et</strong></span> <span class='ocrx_word' id='word_1_54' title='bbox 1786 2193 2102 2266; x_wconf 86' lang='lat' dir='ltr'><strong>universis</strong></span> <span class='ocrx_word' id='word_1_55' title='bbox 2124 2198 2416 2287; x_wconf 85' lang='lat' dir='ltr'><strong>ejusdem</strong></span> <span class='ocrx_word' id='word_1_56' title='bbox 2441 2194 2717 2267; x_wconf 81' lang='lat' dir='ltr'><strong>ecclesie</strong></span> <span class='ocrx_word' id='word_1_57' title='bbox 2744 2210 2874 2265; x_wconf 89' lang='lat' dir='ltr'><strong>tam</strong></span> <span class='ocrx_word' id='word_1_58' title='bbox 2906 2217 3044 2286; x_wconf 88' lang='lat' dir='ltr'><strong>pre-</strong></span> 
     </span>
     <span class='ocr_line' id='line_1_10' title="bbox 792 2308 3039 2402; baseline -0.002 -19"><span class='ocrx_word' id='word_1_59' title='bbox 792 2311 936 2383; x_wconf 91' lang='lat' dir='ltr'><strong>latis</strong></span> <span class='ocrx_word' id='word_1_60' title='bbox 966 2335 1156 2402; x_wconf 89' lang='lat' dir='ltr'><strong>quam</strong></span> <span class='ocrx_word' id='word_1_61' title='bbox 1197 2310 1526 2382; x_wconf 91' lang='lat' dir='ltr'><strong>canonicis</strong></span> <span class='ocrx_word' id='word_1_62' title='bbox 1556 2312 1829 2381; x_wconf 87' lang='lat' dir='ltr'><strong>salutem</strong></span> <span class='ocrx_word' id='word_1_63' title='bbox 1873 2323 1936 2381; x_wconf 89' lang='lat' dir='ltr'><strong>ct</strong></span> <span class='ocrx_word' id='word_1_64' title='bbox 1983 2308 2502 2381; x_wconf 77' lang='lat' dir='ltr'><strong>benedictionem</strong></span> <span class='ocrx_word' id='word_1_65' title='bbox 2548 2308 2834 2380; x_wconf 88' lang='lat' dir='ltr'><strong>Domini.</strong></span> <span class='ocrx_word' id='word_1_66' title='bbox 2896 2314 3039 2380; x_wconf 86' lang='lat' dir='ltr'><strong>Fra-</strong></span> 
     </span>
     <span class='ocr_line' id='line_1_11' title="bbox 791 2422 3045 2515; baseline -0.002 -17"><span class='ocrx_word' id='word_1_67' title='bbox 791 2426 1057 2498; x_wconf 90' lang='lat' dir='ltr'><strong>ternitas</strong></span> <span class='ocrx_word' id='word_1_68' title='bbox 1087 2429 1152 2495; x_wconf 91' lang='lat' dir='ltr'><strong>in</strong></span> <span class='ocrx_word' id='word_1_69' title='bbox 1190 2424 1441 2496; x_wconf 88' lang='lat' dir='ltr'><strong>Christo</strong></span> <span class='ocrx_word' id='word_1_70' title='bbox 1478 2428 1630 2495; x_wconf 84' lang='lat' dir='ltr'><strong>Jesu</strong></span> <span class='ocrx_word' id='word_1_71' title='bbox 1678 2422 1870 2515; x_wconf 81' lang='lat' dir='ltr'><strong>exigit</strong></span> <span class='ocrx_word' id='word_1_72' title='bbox 1904 2438 2221 2514; x_wconf 89' lang='lat' dir='ltr'><strong>quatenus</strong></span> <span class='ocrx_word' id='word_1_73' title='bbox 2251 2426 2330 2495; x_wconf 92' lang='lat' dir='ltr'><strong>de</strong></span> <span class='ocrx_word' id='word_1_74' title='bbox 2369 2424 2493 2495; x_wconf 91' lang='lat' dir='ltr'><strong>hiis</strong></span> <span class='ocrx_word' id='word_1_75' title='bbox 2531 2447 2656 2515; x_wconf 90' lang='lat' dir='ltr'><strong>que</strong></span> <span class='ocrx_word' id='word_1_76' title='bbox 2692 2426 2863 2515; x_wconf 84' lang='lat' dir='ltr'><strong>justa</strong></span> <span class='ocrx_word' id='word_1_77' title='bbox 2896 2437 3045 2494; x_wconf 91' lang='lat' dir='ltr'><strong>sunt</strong></span> 
     </span>
     <span class='ocr_line' id='line_1_12' title="bbox 788 2537 3038 2632; baseline -0.002 -21"><span class='ocrx_word' id='word_1_78' title='bbox 788 2562 999 2632; x_wconf 91' lang='lat' dir='ltr'><strong>neque</strong></span> <span class='ocrx_word' id='word_1_79' title='bbox 1030 2562 1148 2610; x_wconf 91' lang='lat' dir='ltr'><strong>nos</strong></span> <span class='ocrx_word' id='word_1_80' title='bbox 1194 2562 1229 2610; x_wconf 87' lang='lat' dir='ltr'><strong>a</strong></span> <span class='ocrx_word' id='word_1_81' title='bbox 1265 2540 1443 2609; x_wconf 87' lang='lat' dir='ltr'><strong>vobis</strong></span> <span class='ocrx_word' id='word_1_82' title='bbox 1471 2560 1678 2629; x_wconf 91' lang='lat' dir='ltr'><strong>neque</strong></span> <span class='ocrx_word' id='word_1_83' title='bbox 1708 2560 1820 2608; x_wconf 91' lang='lat' dir='ltr'><strong>vos</strong></span> <span class='ocrx_word' id='word_1_84' title='bbox 1867 2561 1902 2608; x_wconf 89' lang='lat' dir='ltr'><strong>a</strong></span> <span class='ocrx_word' id='word_1_85' title='bbox 1941 2537 2128 2609; x_wconf 90' lang='lat' dir='ltr'><strong>nobis</strong></span> <span class='ocrx_word' id='word_1_86' title='bbox 2161 2541 2526 2609; x_wconf 88' lang='lat' dir='ltr'><strong>nullatenus</strong></span> <span class='ocrx_word' id='word_1_87' title='bbox 2558 2537 3038 2628; x_wconf 59' lang='lat' dir='ltr'><strong>discrepemus</strong></span> 
     </span>
     <span class='ocr_line' id='line_1_13' title="bbox 793 2651 3045 2746; baseline -0.001 -22"><span class='ocrx_word' id='word_1_88' title='bbox 793 2657 998 2746; x_wconf 82' lang='lat' dir='ltr'><strong>Super</strong></span> <span class='ocrx_word' id='word_1_89' title='bbox 1036 2652 1159 2724; x_wconf 89' lang='lat' dir='ltr'><strong>hiis</strong></span> <span class='ocrx_word' id='word_1_90' title='bbox 1197 2676 1323 2744; x_wconf 86' lang='lat' dir='ltr'><strong>que</strong></span> <span class='ocrx_word' id='word_1_91' title='bbox 1353 2655 1433 2722; x_wconf 92' lang='lat' dir='ltr'><strong>de</strong></span> <span class='ocrx_word' id='word_1_92' title='bbox 1464 2653 1882 2743; x_wconf 81' lang='lat' dir='ltr'><strong>segregandis</strong></span> <span class='ocrx_word' id='word_1_93' title='bbox 1921 2675 1957 2723; x_wconf 95' lang='lat' dir='ltr'><strong>a</strong></span> <span class='ocrx_word' id='word_1_94' title='bbox 2005 2655 2282 2723; x_wconf 89' lang='lat' dir='ltr'><strong>claustro</strong></span> <span class='ocrx_word' id='word_1_95' title='bbox 2332 2665 2552 2723; x_wconf 90' lang='lat' dir='ltr'><strong>nostro</strong></span> <span class='ocrx_word' id='word_1_96' title='bbox 2604 2651 3045 2723; x_wconf 89' lang='lat' dir='ltr'><strong>habitantibus</strong></span> 
     </span>
     <span class='ocr_line' id='line_1_14' title="bbox 793 2765 3040 2859; baseline -0.001 -19"><span class='ocrx_word' id='word_1_97' title='bbox 793 2767 973 2842; x_wconf 91' lang='lat' dir='ltr'><strong>laicis</strong></span> <span class='ocrx_word' id='word_1_98' title='bbox 1005 2766 1363 2840; x_wconf 80' lang='lat' dir='ltr'><strong>fraternitas</strong></span> <span class='ocrx_word' id='word_1_99' title='bbox 1390 2781 1664 2839; x_wconf 89' lang='lat' dir='ltr'><strong>nostraa</strong></span> <span class='ocrx_word' id='word_1_100' title='bbox 1706 2765 1921 2838; x_wconf 85' lang='lat' dir='ltr'><strong>vobis’</strong></span> <span class='ocrx_word' id='word_1_101' title='bbox 1959 2769 2358 2842; x_wconf 83' lang='lat' dir='ltr'><strong>consulendo</strong></span> <span class='ocrx_word' id='word_1_102' title='bbox 2399 2766 2765 2859; x_wconf 86' lang='lat' dir='ltr'><strong>postulavit,</strong></span> <span class='ocrx_word' id='word_1_103' title='bbox 2791 2766 3040 2841; x_wconf 89' lang='lat' dir='ltr'><strong>eisdem</strong></span> 
     </span>
     <span class='ocr_line' id='line_1_15' title="bbox 792 2880 3043 2974; baseline -0 -19"><span class='ocrx_word' id='word_1_104' title='bbox 792 2881 1075 2955; x_wconf 90' lang='lat' dir='ltr'><strong>dominis</strong></span> <span class='ocrx_word' id='word_1_105' title='bbox 1093 2881 1378 2953; x_wconf 88' lang='lat' dir='ltr'><strong>Ostiensi</strong></span> <span class='ocrx_word' id='word_1_106' title='bbox 1404 2897 1468 2953; x_wconf 91' lang='lat' dir='ltr'><strong>et</strong></span> <span class='ocrx_word' id='word_1_107' title='bbox 1493 2882 1962 2952; x_wconf 87' lang='lat' dir='ltr'><strong>Tusculanensi</strong></span> <span class='ocrx_word' id='word_1_108' title='bbox 1982 2880 2329 2972; x_wconf 89' lang='lat' dir='ltr'><strong>episcopis,</strong></span> <span class='ocrx_word' id='word_1_109' title='bbox 2355 2882 2717 2974; x_wconf 80' lang='lat' dir='ltr'><strong>Apostolicc</strong></span> <span class='ocrx_word' id='word_1_110' title='bbox 2741 2881 2933 2953; x_wconf 84' lang='lat' dir='ltr'><strong>Sedis</strong></span> <span class='ocrx_word' id='word_1_111' title='bbox 2956 2886 3043 2954; x_wconf 92' lang='lat' dir='ltr'><strong>le·</strong></span> 
     </span>
     <span class='ocr_line' id='line_1_16' title="bbox 793 2994 3035 3089; baseline 0 -22"><span class='ocrx_word' id='word_1_112' title='bbox 793 2997 983 3089; x_wconf 91' lang='lat' dir='ltr'><strong>gatis,</strong></span> <span class='ocrx_word' id='word_1_113' title='bbox 1028 3019 1281 3067; x_wconf 89' lang='lat' dir='ltr'><strong>necnon</strong></span> <span class='ocrx_word' id='word_1_114' title='bbox 1324 3018 1469 3066; x_wconf 91' lang='lat' dir='ltr'><strong>cum</strong></span> <span class='ocrx_word' id='word_1_115' title='bbox 1492 2994 1812 3066; x_wconf 86' lang='lat' dir='ltr'><strong>Ludovico</strong></span> <span class='ocrx_word' id='word_1_116' title='bbox 1869 3017 2018 3086; x_wconf 87' lang='lat' dir='ltr'><strong>rege</strong></span> <span class='ocrx_word' id='word_1_117' title='bbox 2049 2999 2460 3082; x_wconf 86' lang='lat' dir='ltr'><strong>Francorum,</strong></span> <span class='ocrx_word' id='word_1_118' title='bbox 2503 2996 2766 3068; x_wconf 89' lang='lat' dir='ltr'><strong>domino</strong></span> <span class='ocrx_word' id='word_1_119' title='bbox 2788 3011 3035 3080; x_wconf 89' lang='lat' dir='ltr'><strong>nostro,</strong></span> 
     </span>
     <span class='ocr_line' id='line_1_17' title="bbox 793 3108 3039 3202; baseline -0.001 -20"><span class='ocrx_word' id='word_1_120' title='bbox 793 3109 1136 3182; x_wconf 88' lang='lat' dir='ltr'><strong>consilium</strong></span> <span class='ocrx_word' id='word_1_121' title='bbox 1187 3111 1607 3201; x_wconf 90' lang='lat' dir='ltr'><strong>accepimus;</strong></span> <span class='ocrx_word' id='word_1_122' title='bbox 1647 3132 1920 3201; x_wconf 90' lang='lat' dir='ltr'><strong>quorum</strong></span> <span class='ocrx_word' id='word_1_123' title='bbox 1953 3108 2224 3182; x_wconf 91' lang='lat' dir='ltr'><strong>consilio</strong></span> <span class='ocrx_word' id='word_1_124' title='bbox 2273 3109 2410 3180; x_wconf 88' lang='lat' dir='ltr'><strong>lulti</strong></span> <span class='ocrx_word' id='word_1_125' title='bbox 2466 3125 2656 3202; x_wconf 84' lang='lat' dir='ltr'><strong>atque</strong></span> <span class='ocrx_word' id='word_1_126' title='bbox 2712 3110 3039 3192; x_wconf 86' lang='lat' dir='ltr'><strong>instructi,</strong></span> 
     </span>
     <span class='ocr_line' id='line_1_18' title="bbox 785 3223 3037 3316; baseline -0 -21"><span class='ocrx_word' id='word_1_127' title='bbox 785 3227 957 3316; x_wconf 88' lang='lat' dir='ltr'><strong>juste</strong></span> <span class='ocrx_word' id='word_1_128' title='bbox 997 3223 1285 3315; x_wconf 87' lang='lat' dir='ltr'><strong>petitioni</strong></span> <span class='ocrx_word' id='word_1_129' title='bbox 1313 3236 1523 3295; x_wconf 86' lang='lat' dir='ltr'><strong>vestre</strong></span> <span class='ocrx_word' id='word_1_130' title='bbox 1562 3226 1955 3294; x_wconf 83' lang='lat' dir='ltr'><strong>voluntatem</strong></span> <span class='ocrx_word' id='word_1_131' title='bbox 1984 3237 2267 3295; x_wconf 89' lang='lat' dir='ltr'><strong>nostram</strong></span> <span class='ocrx_word' id='word_1_132' title='bbox 2301 3238 2492 3316; x_wconf 88' lang='lat' dir='ltr'><strong>atque</strong></span> <span class='ocrx_word' id='word_1_133' title='bbox 2545 3224 2848 3296; x_wconf 85' lang='lat' dir='ltr'><strong>auxilium</strong></span> <span class='ocrx_word' id='word_1_134' title='bbox 2894 3226 3037 3296; x_wconf 90' lang='lat' dir='ltr'><strong>dili·</strong></span> 
     </span>
     <span class='ocr_line' id='line_1_19' title="bbox 795 3336 3036 3430; baseline -0 -20"><span class='ocrx_word' id='word_1_135' title='bbox 795 3351 1017 3429; x_wconf 87' lang='lat' dir='ltr'><strong>genter</strong></span> <span class='ocrx_word' id='word_1_136' title='bbox 1047 3337 1507 3429; x_wconf 88' lang='lat' dir='ltr'><strong>impendimus,</strong></span> <span class='ocrx_word' id='word_1_137' title='bbox 1549 3336 1797 3409; x_wconf 91' lang='lat' dir='ltr'><strong>scilicet</strong></span> <span class='ocrx_word' id='word_1_138' title='bbox 1830 3351 1895 3408; x_wconf 91' lang='lat' dir='ltr'><strong>ut</strong></span> <span class='ocrx_word' id='word_1_139' title='bbox 1935 3341 2107 3408; x_wconf 88' lang='lat' dir='ltr'><strong>nulla</strong></span> <span class='ocrx_word' id='word_1_140' title='bbox 2149 3337 2304 3409; x_wconf 93' lang='lat' dir='ltr'><strong>laica</strong></span> <span class='ocrx_word' id='word_1_141' title='bbox 2347 3362 2617 3430; x_wconf 89' lang='lat' dir='ltr'><strong>persona</strong></span> <span class='ocrx_word' id='word_1_142' title='bbox 2660 3338 2929 3410; x_wconf 89' lang='lat' dir='ltr'><strong>ulterius</strong></span> <span class='ocrx_word' id='word_1_143' title='bbox 2975 3339 3036 3409; x_wconf 92' lang='lat' dir='ltr'><strong>in</strong></span> 
     </span>
     <span class='ocr_line' id='line_1_20' title="bbox 796 3451 3035 3544; baseline -0 -21"><span class='ocrx_word' id='word_1_144' title='bbox 796 3454 1076 3523; x_wconf 89' lang='lat' dir='ltr'><strong>claustro</strong></span> <span class='ocrx_word' id='word_1_145' title='bbox 1133 3456 1366 3523; x_wconf 88' lang='lat' dir='ltr'><strong>Sancte</strong></span> <span class='ocrx_word' id='word_1_146' title='bbox 1419 3451 1641 3522; x_wconf 86' lang='lat' dir='ltr'><strong>Crucis</strong></span> <span class='ocrx_word' id='word_1_147' title='bbox 1682 3455 2085 3523; x_wconf 87' lang='lat' dir='ltr'><strong>mansionem</strong></span> <span class='ocrx_word' id='word_1_148' title='bbox 2127 3466 2190 3523; x_wconf 90' lang='lat' dir='ltr'><strong>et</strong></span> <span class='ocrx_word' id='word_1_149' title='bbox 2230 3453 2684 3525; x_wconf 82' lang='lat' dir='ltr'><strong>habitationem</strong></span> <span class='ocrx_word' id='word_1_150' title='bbox 2728 3454 3035 3544; x_wconf 85' lang='lat' dir='ltr'><strong>deinceps</strong></span> 
     </span>
     <span class='ocr_line' id='line_1_21' title="bbox 800 3565 3035 3657; baseline 0.001 -22"><span class='ocrx_word' id='word_1_151' title='bbox 800 3569 1040 3637; x_wconf 86' lang='lat' dir='ltr'><strong>habere</strong></span> <span class='ocrx_word' id='word_1_152' title='bbox 1063 3580 1391 3657; x_wconf 84' lang='lat' dir='ltr'><strong>presumat</strong></span> <span class='ocrx_word' id='word_1_153' title='bbox 1427 3590 1444 3651; x_wconf 89' lang='lat'>;</span> <span class='ocrx_word' id='word_1_154' title='bbox 1480 3579 1651 3636; x_wconf 88' lang='lat' dir='ltr'><strong>etue</strong></span> <span class='ocrx_word' id='word_1_155' title='bbox 1682 3569 1807 3637; x_wconf 87' lang='lat' dir='ltr'><strong>hoc</strong></span> <span class='ocrx_word' id='word_1_156' title='bbox 1834 3569 1913 3637; x_wconf 89' lang='lat' dir='ltr'><strong>ab</strong></span> <span class='ocrx_word' id='word_1_157' title='bbox 1950 3565 2163 3656; x_wconf 88' lang='lat' dir='ltr'><strong>aliquo</strong></span> <span class='ocrx_word' id='word_1_158' title='bbox 2197 3589 2645 3638; x_wconf 89' lang='lat' dir='ltr'><strong>successorum</strong></span> <span class='ocrx_word' id='word_1_159' title='bbox 2676 3582 3035 3638; x_wconf 89' lang='lat' dir='ltr'><strong>nostrorum</strong></span> 
     </span>
     <span class='ocr_line' id='line_1_22' title="bbox 795 3678 2841 3770; baseline 0.003 -21"><span class='ocrx_word' id='word_1_160' title='bbox 795 3678 1105 3751; x_wconf 89' lang='lat' dir='ltr'><strong>infirmari</strong></span> <span class='ocrx_word' id='word_1_161' title='bbox 1146 3683 1376 3765; x_wconf 86' lang='lat' dir='ltr'><strong>valeat,</strong></span> <span class='ocrx_word' id='word_1_162' title='bbox 1410 3678 1599 3770; x_wconf 86' lang='lat' dir='ltr'><strong>sigilli</strong></span> <span class='ocrx_word' id='word_1_163' title='bbox 1643 3678 1843 3751; x_wconf 90' lang='lat' dir='ltr'><strong>nostri</strong></span> <span class='ocrx_word' id='word_1_164' title='bbox 1883 3681 2268 3752; x_wconf 86' lang='lat' dir='ltr'><strong>authoritate</strong></span> <span class='ocrx_word' id='word_1_165' title='bbox 2301 3680 2841 3756; x_wconf 75' lang='lat' dir='ltr'><strong>confirmavimus,</strong></span> 
     </span>
    </p>
   </div>
   <div class='ocr_carea' id='block_1_7' title="bbox 801 4388 3036 4730">
    <p class='ocr_par' dir='ltr' id='par_1_7' title="bbox 801 4388 3036 4552">
     <span class='ocr_line' id='line_1_23' title="bbox 868 4388 3036 4459; baseline 0 -14"><span class='ocrx_word' id='word_1_166' title='bbox 868 4390 889 4426; x_wconf 86' lang='lat'>¹</span> <span class='ocrx_word' id='word_1_167' title='bbox 918 4390 1088 4445; x_wconf 86' lang='lat' dir='ltr'><strong>Dates</strong></span> <span class='ocrx_word' id='word_1_168' title='bbox 1131 4389 1406 4445; x_wconf 75' lang='lat' dir='ltr'><strong>extremes</strong></span> <span class='ocrx_word' id='word_1_169' title='bbox 1458 4388 1534 4444; x_wconf 87' lang='lat' dir='ltr'><strong>du</strong></span> <span class='ocrx_word' id='word_1_170' title='bbox 1605 4388 1999 4446; x_wconf 74' lang='lat' dir='ltr'><strong>sous-decanat</strong></span> <span class='ocrx_word' id='word_1_171' title='bbox 2040 4388 2335 4444; x_wconf 88' lang='lat' dir='ltr'><strong>d&#39;Etienne</strong></span> <span class='ocrx_word' id='word_1_172' title='bbox 2363 4407 2378 4458; x_wconf 95' lang='lat'>;</span> <span class='ocrx_word' id='word_1_173' title='bbox 2435 4389 2666 4459; x_wconf 78' lang='lat' dir='ltr'><strong>Hugues</strong></span> <span class='ocrx_word' id='word_1_174' title='bbox 2727 4394 2811 4444; x_wconf 89' lang='lat' dir='ltr'><strong>est</strong></span> <span class='ocrx_word' id='word_1_175' title='bbox 2884 4405 3036 4445; x_wconf 82' lang='lat' dir='ltr'><strong>sous-</strong></span> 
     </span>
     <span class='ocr_line' id='line_1_24' title="bbox 801 4478 1297 4552; baseline -0.004 -16"><span class='ocrx_word' id='word_1_176' title='bbox 801 4481 979 4552; x_wconf 82' lang='lat' dir='ltr'><strong>doyen</strong></span> <span class='ocrx_word' id='word_1_177' title='bbox 1009 4478 1108 4534; x_wconf 79' lang='lat' dir='ltr'><strong>des</strong></span> <span class='ocrx_word' id='word_1_178' title='bbox 1140 4479 1297 4534; x_wconf 84' lang='lat'><strong>1146.</strong></span> 
     </span>
    </p>

    <p class='ocr_par' dir='ltr' id='par_1_8' title="bbox 801 4567 3035 4730">
     <span class='ocr_line' id='line_1_25' title="bbox 866 4567 3035 4640; baseline -0 -18"><span class='ocrx_word' id='word_1_179' title='bbox 866 4570 886 4602; x_wconf 83' lang='lat'>²</span> <span class='ocrx_word' id='word_1_180' title='bbox 924 4568 1082 4639; x_wconf 83' lang='lat' dir='ltr'><strong>(Sic).</strong></span> <span class='ocrx_word' id='word_1_181' title='bbox 1124 4568 1384 4624; x_wconf 87' lang='lat' dir='ltr'><strong>N’est-ce</strong></span> <span class='ocrx_word' id='word_1_182' title='bbox 1412 4581 1515 4639; x_wconf 89' lang='lat' dir='ltr'><strong>pas</strong></span> <span class='ocrx_word' id='word_1_183' title='bbox 1545 4583 1661 4623; x_wconf 87' lang='lat' dir='ltr'><strong>une</strong></span> <span class='ocrx_word' id='word_1_184' title='bbox 1692 4569 1978 4622; x_wconf 82' lang='lat' dir='ltr'><strong>mauvaise</strong></span> <span class='ocrx_word' id='word_1_185' title='bbox 2007 4567 2218 4623; x_wconf 86' lang='lat' dir='ltr'><strong>lecture</strong></span> <span class='ocrx_word' id='word_1_186' title='bbox 2248 4584 2396 4640; x_wconf 88' lang='lat' dir='ltr'><strong>pour</strong></span> <span class='ocrx_word' id='word_1_187' title='bbox 2420 4588 2447 4624; x_wconf 72' lang='grc' dir='ltr'>ι</span> <span class='ocrx_word' id='word_1_188' title='bbox 2475 4573 2655 4624; x_wconf 79' lang='lat' dir='ltr'><strong>vestra</strong></span> <span class='ocrx_word' id='word_1_189' title='bbox 2683 4585 2716 4623; x_wconf 86' lang='lat' dir='ltr'><strong>a</strong></span> <span class='ocrx_word' id='word_1_190' title='bbox 2762 4567 2932 4625; x_wconf 83' lang='lat' dir='ltr'><strong>nobis</strong></span> <span class='ocrx_word' id='word_1_191' title='bbox 2960 4584 2988 4621; x_wconf 80' lang='lat'><strong>›</strong></span> <span class='ocrx_word' id='word_1_192' title='bbox 3008 4567 3035 4621; x_wconf 76' lang='lat'><strong>⁸?</strong></span> 
     </span>
     <span class='ocr_line' id='line_1_26' title="bbox 801 4656 1930 4730; baseline -0.002 -14"><span class='ocrx_word' id='word_1_193' title='bbox 801 4660 848 4717; x_wconf 88' lang='lat'><strong>11</strong></span> <span class='ocrx_word' id='word_1_194' title='bbox 877 4674 913 4729; x_wconf 76' lang='lat' dir='ltr'>y</span> <span class='ocrx_word' id='word_1_195' title='bbox 942 4675 975 4714; x_wconf 81' lang='lat' dir='ltr'><strong>a</strong></span> <span class='ocrx_word' id='word_1_196' title='bbox 1010 4658 1140 4730; x_wconf 86' lang='lat' dir='ltr'><strong>plus</strong></span> <span class='ocrx_word' id='word_1_197' title='bbox 1162 4657 1278 4713; x_wconf 88' lang='lat' dir='ltr'><strong>loin</strong></span> <span class='ocrx_word' id='word_1_198' title='bbox 1306 4676 1336 4710; x_wconf 87' lang='lat'><strong>‹</strong></span> <span class='ocrx_word' id='word_1_199' title='bbox 1368 4656 1623 4729; x_wconf 87' lang='lat' dir='ltr'><strong>petitioni</strong></span> <span class='ocrx_word' id='word_1_200' title='bbox 1667 4662 1849 4712; x_wconf 81' lang='lat' dir='ltr'><strong>vestre</strong></span> <span class='ocrx_word' id='word_1_201' title='bbox 1881 4675 1930 4714; x_wconf 82' lang='lat'><strong>».</strong></span> 
     </span>
    </p>
   </div>
  </div>
 </body>
</html>
