3485 5571
1766 728 1846 741 ...
1888 692 2008 761 50ss
2050 728 2128 741 ..

817 820 1298 914 quomodolibet
1343 822 1702 915 provenire,
1760 837 1825 895 et
1858 824 2026 915 quod
2081 832 2344 914 propter
2394 824 2518 892 hoc
2573 819 2873 892 universa
2906 824 3069 891 hona

816 936 1229 1029 episcopalia,
1272 949 1337 1009 et
1366 937 1734 1029 specialiter
1770 954 2000 1009 omues
2040 951 2168 1009 tam
2210 936 2401 1027 sigilli
2448 958 2638 1028 quam
2663 934 3070 1027 jurisdictio·

819 1050 920 1122 nis
966 1051 1356 1144 episcopalis
1394 1066 1748 1144 proventus
1805 1051 1936 1124 sint
1964 1066 2029 1124 et
2076 1064 2378 1124 maneant
2414 1049 2530 1121 tibi
2554 1063 2621 1122 et
2645 1051 2900 1122 eisdem
2943 1047 3067 1119 tuis

818 1163 1308 1237 successoribus
1346 1168 1654 1257 obligata,
1697 1165 1952 1258 quibus
1975 1169 2074 1237 CC
2113 1165 2293 1237 libris
2333 1176 2401 1237 tu
2440 1179 2505 1237 et
2534 1161 2688 1236 dicti
2727 1185 3072 1237 successo-

818 1302 949 1367 res,
983 1277 1271 1352 contenti
1299 1278 1675 1368 existentes,
1705 1282 1970 1353 racione
1997 1278 2555 1352 archidiaconatus
2578 1293 2643 1350 et
2667 1280 2877 1350 eciam
2904 1280 3074 1370 epis-

817 1391 1060 1485 copalis
1110 1391 1576 1486 jurisdictionis
1621 1393 1756 1467 sive
1804 1393 2227 1467 emolumenti
2289 1407 2638 1486 proventus
2667 1415 2743 1465 ex
2773 1392 2871 1466 eis
2912 1391 3068 1463 nihil

818 1506 999 1579 vobis
1019 1496 1294 1600 amplius
1333 1507 1658 1580 vindicare
1686 1508 1979 1600 possitis.
2023 1514 2236 1596 Quare
2276 1507 2482 1591 vohi&
2528 1507 2836 1600 episcope
2874 1521 2942 1578 et
2969 1509 3075 1577 de-

818 1644 1000 1709 (mne,
1043 1645 1079 1693 a
1120 1622 1307 1693 nobis
1341 1620 1723 1715 suppliciter
1750 1617 2230 1715 postulantibus
2271 1635 2340 1694 ut
2377 1622 2940 1715 composicionem
2966 1624 3075 1691 hu-

810 1734 1094 1829 jusmodi
1147 1740 1502 1828 approbare
1540 1759 1616 1808 ac
1663 1736 2022 1829 apostolico
2063 1741 2365 1809 roborare
2405 1735 2763 1808 munimine
2817 1756 3072 1807 curare·

818 1870 988 1933 mus,
1017 1872 1135 1921 nos
1166 1849 1357 1942 igitur
1386 1852 1861 1922 venerabilibus
1888 1851 2188 1922 fratribus
2214 1852 2468 1923 nostris·
2486 1851 2819 1943 G[erardo]
2839 1850 2864 1896 ¹
2907 1848 3075 1920 Sabi·

817 1961 1002 2034 nensi
1042 1976 1105 2035 et
1146 1966 1393 2054 Hugoni
1418 1966 1441 2009 2
1515 1964 1802 2036 Ostiensi
1842 1962 2172 2057 episcopis
2213 1966 2453 2036 nostris
2499 1964 2800 2035 dedimus
2841 1962 3066 2035 litteris

817 2078 882 2148 in
920 2076 1239 2148 mandatis
1279 2091 1347 2148 ut
1380 2077 1462 2161 si,
1492 2078 1832 2172 premissis
1863 2078 2204 2171 diligenter
2254 2078 2569 2171 pensatis,
2608 2100 2812 2170 super
2837 2078 3071 2170 quibus

817 2210 1040 2263 eorum
1080 2191 1527 2264 consciencias
1566 2192 2060 2265 intendebamus
2099 2215 2393 2286 operare,
2426 2192 2522 2265 eis
2549 2194 2876 2265 videretur
2900 2215 3072 2263 com-

817 2305 1221 2395 posicionem
1284 2306 1577 2378 eamdem
1652 2306 1989 2379 utilitatem
2063 2307 2260 2399 partis
2321 2306 2649 2398 respicere
2700 2308 3064 2397 utriusque,

818 2419 989 2490 illam
1041 2419 1424 2492 authoritate
1458 2424 1814 2513 approbare
1862 2437 1925 2493 et
1970 2424 2353 2493 confirmare
2387 2437 2713 2503 curarent,
2756 2422 3072 2512 suplendo

816 2536 1165 2616 defectum,
1207 2534 1260 2605 si
1301 2534 1446 2625 quis
1510 2557 1622 2624 pro
1645 2556 1723 2606 eo
1754 2537 1924 2626 quod
1955 2534 2214 2626 capituli
2266 2537 2440 2607 dicte
2478 2536 2755 2607 ecclesie
2795 2537 3074 2605 Aurelia-

817 2646 1040 2717 nensis
1079 2668 1207 2717 non
1249 2646 1591 2719 intervenit
1641 2669 1981 2730 assensus,
2024 2650 2121 2719 vel
2160 2669 2234 2719 ex
2274 2650 2397 2719 alia
2435 2671 2844 2741 quacumque
2884 2671 3073 2719 causa

815 2782 939 2851 que
987 2758 1051 2832 iu
1091 2783 1166 2832 ea
1204 2760 1433 2844 extitit,
1478 2763 1558 2834 de
1599 2761 1956 2854 apostolice
1997 2761 2400 2855 plenitudine
2440 2763 2781 2855 potestatis
2818 2777 3069 2834 contra·

816 2875 1096 2948 dictores
1120 2898 1232 2968 per
1247 2897 1585 2948 censuram
1610 2876 2027 2967 apostolicam
2047 2880 2072 2923 ³
2089 2877 2514 2969 appellatione
2540 2877 2873 2969 posposita
2902 2900 3073 2948 com-

816 2996 1165 3082 pescendo.
1196 2995 1362 3063 Sane
1395 2991 1730 3063 mem'orati
1763 2991 2141 3063 Sabinensis
2157 3007 2221 3063 et
2253 2992 2574 3063 Ostiensis
2599 2992 2919 3084 episcopi,
2946 2995 3067 3061 lor·

817 3127 984 3176 mam
1043 3127 1157 3197 per
1193 3105 1396 3177 dictas
1437 3104 1681 3177 litteras
1724 3130 1886 3198 quas
1935 3105 2029 3177 eis
2070 3104 2450 3177 tradidimus
2478 3120 2695 3177 exacta
2725 3104 3064 3196 diligencia

816 3221 1251 3301 observantes»,
1284 3241 1430 3290 cum
1480 3242 1593 3310 per
1631 3219 1951 3291 curiosam
1992 3217 2359 3310 indaginem
2410 3242 2600 3310 quam
2642 3221 2723 3290 de
2763 3217 3062 3310 predictis

816 3330 1046 3403 studiis
1071 3331 1409 3404 habuerint
1430 3333 1759 3405 veritatem
1781 3355 1978 3425 super
1994 3332 2119 3415 his,
2145 3346 2273 3403 tam
2302 3355 2336 3404 a
2360 3335 2749 3425 quibusdam
2765 3332 3060 3403 fratribus

817 3445 1054 3517 nostris
1077 3457 1263 3536 quam
1285 3447 1426 3518 aliis
1443 3446 1547 3538 qui
1573 3448 1750 3540 [bus]
1797 3450 1939 3518 dam
1963 3462 2268 3518 noverant
2285 3435 2559 3518 sollicite
2578 3449 3058 3539 perscrutando,

814 3559 1060 3632 eisdem
1082 3558 1405 3654 episcopis
1423 3561 1745 3632 videretur
1757 3561 1902 3653 quia
1927 3564 2095 3633 dicta
2117 3562 2514 3652 composicio
2537 3561 2600 3631 in
2627 3575 2912 3634 vestrum
2931 3583 3064 3632 ves·

814 3690 1185 3767 trorumque
1215 3678 2093 3748 successorummanifestam
2115 3676 2452 3748 utilitatem
2471 3690 2535 3748 et
2556 3675 2842 3769 predicte
2867 3677 3058 3747 eccle·

815 3788 909 3860 sie
932 3792 1354 3873 redundabat,
1384 3789 1933 3883 composicionem
1973 3791 2581 3862 istam'auctoritate
2633 3791 3055 3883 predictarum

814 3902 1164 3975 litterarum
1193 3918 1556 3975 nostrarum
1596 3907 2034 3997 approbarunt
2061 3918 2126 3976 et
2155 3907 2637 3990 confirmarunt,
2683 3905 3055 3996 supplentes

815 4016 1116 4104 defectui,
1152 4017 1205 4089 si
1245 4017 1389 4109 quis
1415 4039 1490 4090 ex
1520 4041 1598 4091 eo
1638 4022 1807 4110 quod
1844 4018 1910 4089 in
1942 4023 2064 4090 hoc
2097 4017 2364 4110 predicti
2406 4018 2669 4110 capituli
2708 4037 2842 4090 non
2874 4017 3062 4089 inter-

814 4130 987 4201 venit
1023 4153 1357 4218 assensus,
1414 4134 1510 4203 vel
1560 4154 1634 4203 ex
1672 4155 2081 4225 quacumque
2118 4133 2239 4205 alia
2276 4156 2468 4206 causa
2515 4133 2578 4203 iu
2623 4136 2855 4206 eadem
2895 4153 3064 4205 com·

889 4537 904 4571 ¹
947 4538 1197 4594 Bianehi.

887 4625 911 4660 ²
951 4627 1181 4698 Seguin.

880 4716 903 4750 ³
942 4718 1072 4780 Acte
1091 4717 1189 4806 des
1212 4718 1541 4784 cardinum
1574 4737 1586 4775 ε
1622 4719 2086 4788 ecelesiasticam.
