3485 5571
1753 697 2107 760 ..246-

805 828 1050 896 nendas
1104 840 1169 896 et
1231 827 1529 896 eumdem
1582 826 1661 896 de
1725 824 1968 896 eisdem
2022 827 2323 896 domibus
2371 826 2434 895 in
2487 826 2766 918 capitulo
2818 841 3038 897 nostro

801 938 1100 1009 duximus
1140 938 1465 1020 investire,
1510 942 1682 1009 salva
1713 951 1925 1009 tamen
1959 942 2184 1010 decem
2224 939 2578 1011 solidorum
2620 964 2745 1030 que
2788 940 2853 1009 in
2893 939 3051 1031 ipsis

801 1055 1103 1124 domibus
1144 1052 1334 1123 nobis
1373 1056 1643 1123 debetur
1670 1076 1881 1124 annua
1928 1052 2265 1145 pensione.
2334 1059 2402 1124 ln
2458 1057 2650 1143 hujus
2709 1054 2904 1144 igitur
2961 1053 3048 1124 rei

798 1166 1175 1237 memoriam
1216 1181 1281 1238 et
1315 1167 1867 1238 confirmationem
1899 1183 2238 1259 presentes
2268 1168 2511 1239 litteras
2556 1171 2636 1238 ad
2675 1167 3049 1258 petitionem

799 1281 1115 1370 sepedicti
1185 1281 1494 1351 ‚iohannis
1541 1284 1830 1351 annotari
1897 1280 2165 1351 lecimus
2203 1296 2266 1351 et
2324 1281 2516 1372 sigilli
2576 1280 2776 1352 nostri
2835 1281 3053 1352 muni-

798 1396 971 1465 mine
1011 1396 1319 1467 roborari.
1365 1399 1590 1465 Actum
1629 1395 1691 1464 in
1724 1398 2007 1487 capitulo
2049 1409 2295 1479 nostro,
2335 1418 2507 1466 anno
2539 1394 2740 1485 gratie
2779 1400 2858 1466 Μ·
2925 1398 3047 1466 CC·

799 1510 1213 1591 duodecimo,
1258 1510 1323 1578 in
1365 1507 1571 1598 vigilia
1610 1508 1964 1600 Epiphanie
2004 1508 2289 1580 Domini.

1823 1804 1998 1865 CLX!

1716 2057 1892 2117 Avril
1931 2055 2109 2119 1213.

797 2261 1027 2315 Aceline
1048 2260 1117 2313 de
1149 2258 1551 2330 chateauneuf,
1588 2276 1692 2315 son
1720 2260 1870 2315 frere
1897 2258 2110 2314 Ebrard
2140 2264 2303 2331 ayant
2331 2260 2493 2329 legne
2516 2261 2549 2315 a
2569 2260 2974 2329 sainte-Crob,
3020 2262 3050 2314 a

871 2359 921 2411 la
952 2357 1277 2411 Cour-Dieu
1309 2363 1363 2411 et
1391 2358 1421 2410 a
1472 2357 1655 2411 Flotin
1701 2362 1756 2410 et
1785 2362 1976 2410 autres
2012 2356 2212 2426 eglises
2242 2358 2295 2411 le
2342 2356 2659 2428 cinquieme
2688 2356 2758 2412 de
2787 2373 2850 2411 sa
2879 2363 3048 2422 terre,

870 2454 1090 2522 assigne
1120 2452 1373 2507 auxdites
1403 2452 1606 2522 eglises
1642 2452 1714 2506 60
1764 2468 1897 2506 sous
1945 2452 2016 2508 de
2062 2457 2221 2507 rente
2249 2468 2395 2523 pour
2433 2453 2484 2508 le
2531 2454 2848 2525 cinquieme
2887 2454 2960 2509 de
2997 2454 3050 2509 la

871 2553 1058 2606 moitie
1103 2552 1198 2622 qui
1230 2551 1309 2605 lui
1340 2557 1423 2605 est
1471 2552 1670 2620 echue,
1720 2550 1919 2605 l‘autre
1949 2551 2140 2605 moitie
2182 2558 2553 2622 appartenant
2593 2554 2626 2607 a
2669 2554 2837 2618 Rose,
2874 2570 3047 2607 venre

871 2648 1162 2717 ‹l'Ebrard,
1195 2648 1395 2702 devant
1424 2648 1642 2703 sournir
1673 2664 1776 2702 son
1806 2648 2126 2719 cinquieme
2151 2650 2317 2720 apres
2346 2665 2449 2703 son
2478 2649 2663 2703 decas.

1298 2795 1507 2866 (Copie.
1550 2795 1696 2852 Bihl.
1736 2795 2050 2861 d'OrleanS,
2096 2812 2202 2852 ms,
2229 2795 2370 2850 552:
2401 2795 2548 2856 396).

891 2991 1237 3072 Manasses,
1293 2986 1407 3058 Dei
1463 2985 1672 3078 gracia
1741 2985 2215 3057 Aurelianensis
2285 2986 2653 3079 episcopus,
2736 2988 3039 3058 omnibus

803 3116 1139 3192 presentes
1204 3101 1447 3171 litteras
1509 3100 1898 3192 inspecturis
1966 3104 2236 3172 salutem
2290 3103 2354 3170 in
2390 3101 2690 3173 Domino.
2741 3102 3041 3173 Noverint

805 3214 1080 3286 universi
1140 3217 1307 3306 quod
1377 3215 1631 3286 Acelina
1691 3217 1771 3285 de
1813 3218 2036 3286 Castro
2089 3220 2286 3297 Novo,
2330 3215 2393 3285 in
2437 3229 2652 3286 nostra
2714 3219 3046 3308 presencia

805 3329 1174 3413 constituta,
1210 3327 1579 3419 recognovit
1628 3331 1798 3419 quod
1840 3331 2184 3415 Ebrardus‚
2230 3332 2420 3399 frater
2443 3333 2610 3420 ejus,
2645 3333 2949 3402 laborans
2992 3331 3050 3400 in

805 3442 1130 3526 extremiS,
1163 3442 1302 3513 sine
1334 3446 1569 3514 herede
1610 3444 1961 3525 decedens,
1993 3441 2221 3534 legavit
2251 3443 2528 3514 ecclesie
2554 3448 2790 3516 Sancte
2822 3446 3049 3516 Crucis

807 3556 1305 3639 AurelianensiS,
1349 3558 1429 3627 de
1471 3558 1655 3627 Curia
1691 3558 1810 3628 Dei
1850 3571 1914 3628 et
1953 3559 2031 3627 de
2073 3561 2336 3628 Flotano
2377 3571 2441 3628 et
2480 3557 2865 3648 quibusdam
2904 3558 3044 3630 aliis

808 3671 1103 3742 ecclesiis
1135 3671 1421 3762 quintam
1466 3683 1707 3763 partem
1738 3670 1946 3742 tocius
1976 3684 2140 3742 terre
2172 3693 2312 3755 sue,
2348 3671 2734 3763 ubicumque
2765 3696 2907 3744 eam
2941 3677 3050 3744 ha-

807 3784 1004 3856 bebit.
1041 3788 1234 3877 Cujus
1274 3785 1683 3856 medietatem
1723 3808 1871 3855 curn
1919 3787 2090 3855 dicta
2132 3784 2383 3856 Acelina
2425 3809 2499 3855 ex
2537 3788 2783 3857 caduco
2833 3789 3045 3858 fratris

808 3897 904 3969 sui
947 3903 1233 3982 baberet,
1275 3898 1623 3990 assignavit
1649 3899 1954 3990 predictis
1977 3896 2273 3969 ecclesiis
2295 3903 2390 3969 LX
2416 3899 2656 3970 solidos
2679 3900 3041 3972 reddituum

816 4036 930 4105 pro
958 4012 1178 4102 quinta
1206 4027 1381 4103 parte
1410 4016 1698 4103 ejusdem
1731 4012 2118 4094 medietatis,
2147 4015 2368 4083 volens
2397 4029 2461 4083 et
2487 4016 2852 4085 concedens
2879 4017 3047 4106 quod

805 4128 870 4196 in
920 4128 1041 4196 alia
1077 4126 1417 4198 medietate
1458 4150 1649 4218 quam
1679 4129 1871 4210 Rosa,
1907 4125 2124 4197 relicta
2159 4125 2423 4216 predicti
2451 4130 2745 4212 Ebrardi‚
2781 4128 3042 4198 nomine

804 4239 1082 4311 dotalicii
1126 4242 1521 4331 possidebat,
1554 4242 1843 4330 quintam
1876 4254 2121 4331 partem
2167 4255 2308 4331 post
2351 4243 2693 4313 decessum
2733 4245 2874 4332 ejus
2907 4264 3047 4333 per·

803 4352 1043 4444 cipiant
1070 4353 1344 4426 ecclesie
1374 4354 1765 4446 supradicte.
1808 4358 1875 4424 ln
1905 4357 2088 4444 cujus
2123 4354 2212 4425 rei
2241 4353 2612 4426 memoriam
2653 4368 2717 4426 et
2755 4355 3044 4426 testimo-

808 4468 982 4538 nium
1025 4489 1358 4559 presentes
1388 4468 1631 4539 litteras
1660 4471 1738 4538 ad
1764 4468 2138 4559 petitionem
2176 4469 2462 4560 predicte
2486 4468 2744 4540 Aceline
2777 4468 2909 4540 fieri
2961 4473 3041 4538 le-

806 4581 1011 4653 cimus
1053 4596 1116 4653 et
1168 4581 1353 4671 sigilli
1390 4581 1589 4653 nostri
1630 4582 1984 4651 munimine
2024 4582 2335 4653 roborari.
2394 4591 2660 4654 Auctum
2702 4605 2872 4654 anno
2911 4587 3037 4654 Do-

808 4695 959 4768 mini
1003 4698 1157 4765 MCC
1197 4694 1573 4778 tredecimo‚
1616 4716 1841 4765 mense
1870 4693 2077 4794 aprili,
