3485 5571
1403 678 1762 742 —535—

540 809 813 881 ecclesie
851 812 1096 882 decano
1141 810 1428 899 predicto
1460 807 1785 879 sexdecim
1816 808 2011 880 libras
2068 808 2520 903 parisiensium
2563 828 2688 885 ter-

542 922 734 994 minis
773 923 879 1015 qui
918 936 1278 1014 sequuntur

546 1036 892 1108 videlicet
878 1061 943 1108 in
977 1039 1143 1108 sesto
1184 1037 1490 1106 Omnium
1541 1040 1920 1107 Sanctorum
1962 1051 2234 1128 quatuor
2272 1037 2489 1123 libras,

544 1150 697 1222 item
756 1151 819 1221 iu
882 1153 1045 1222 sesto
1112 1149 1594 1222 Purificacionis
1657 1154 1841 1221 beate
1896 1152 2081 1222 Marie
2119 1151 2395 1243 Virginis
2436 1165 2710 1245 quatuor

635 1262 854 1346 libras,

541 1378 696 1449 item
728 1378 795 1447 in
826 1380 988 1447 festo
1019 1373 1436 1447 Ascensionis
1472 1374 1726 1446 Domini
1762 1390 2037 1467 quatuor
2076 1375 2294 1461 libras,

545 1489 697 1562 item
736 1490 800 1560 in
843 1493 1007 1561 (esto
1049 1487 1254 1559 sancti
1298 1487 1463 1559 Petri
1496 1490 1575 1559 ad
1616 1488 1867 1560 vincula
1906 1503 2182 1580 quatuor
2222 1490 2438 1564 libras,

451 1607 609 1675 Item
636 1604 652 1638 ¹
693 1608 882 1676 habet
922 1602 1131 1675 dictus
1162 1606 1447 1673 decanus
1478 1604 1544 1672 in
1577 1602 1910 1692 parrochia
1942 1606 2021 1674 de
2046 1604 2301 1676 Marolio
2335 1609 2455 1677 tria
2484 1628 2711 1698 arpen-

544 1734 601 1788 ta
630 1732 953 1808 pratorum
988 1740 1133 1788 cum
1168 1715 1443 1787 dimidio
1476 1719 1649 1807 juxta
1678 1730 1853 1807 prata
1883 1715 2167 1809 episcopi
2200 1719 2703 1791 Aurelianensis.

453 1834 658 1903 Item2
698 1832 982 1924 quinque
1043 1830 1362 1921 quarteria
1419 1827 1739 1901 vinearum
1800 1853 2022 1902 versus
2090 1836 2393 1903 Sanctum
2435 1836 2711 1905 Vincen-

545 1947 713 2016 cium
759 1944 923 2017 inter
951 1944 1168 2016 vineas
1199 1943 1460 2036 capituli
1486 1943 1990 2015 Aurelianensis,

451 2064 610 2130 Item
641 2062 665 2105 ³
688 2063 855 2151 apud
884 2059 1241 2131 Florianum
1270 2058 1591 2130 sexdecim
1619 2072 1886 2151 arpenta
1929 2072 2096 2131 terre
2129 2064 2224 2131 vel
2251 2060 2421 2131 circa
2459 2084 2585 2153 que
2615 2062 2711 2132 ni-

545 2173 671 2244 chil
715 2177 950 2245 valent.

452 2292 611 2359 Item
650 2311 839 2359 unam
883 2291 1143 2360 domum
1186 2289 1253 2357 iu
1297 2286 1719 2370 Tincturaria,
1762 2309 1888 2376 que
1930 2288 2350 2379 quadraginta
2392 2292 2485 2360 vel
2517 2290 2707 2380 quin-

541 2398 843 2492 quaginta
897 2403 1142 2471 solidos
1205 2403 1371 2470 solet
1409 2399 1604 2471 locari
1666 2425 1683 2483 ;
1727 2403 1920 2472 modo
1959 2414 2060 2471 est
2108 2400 2334 2472 tradita
2394 2404 2473 2472 ad
2515 2400 2705 2474 vitam

536 2514 845 2585 Johannis
882 2513 1100 2585 Droini
1127 2515 1153 2558 ⁴
1192 2526 1257 2584 et
1295 2516 1433 2604 ejus
1480 2513 1692 2583 uxoris
1722 2528 1786 2584 et
1822 2512 1934 2584 filii
1975 2516 2054 2584 ad
2093 2514 2511 2606 quadraginta
2551 2530 2701 2588 octo

551 2628 817 2714 solidoS,
885 2631 1232 2699 solvendos
1274 2626 1685 2698 medietatem
1744 2626 1807 2696 in
1852 2631 2012 2698 Iesto
2049 2628 2253 2699 sancti
2292 2632 2608 2701 Johannis
2647 2644 2713 2703 et

537 2741 727 2815 aliam
757 2734 1168 2814 medietatem
1208 2740 1272 2812 in
1310 2745 1472 2814 festo
1501 2740 1858 2813 Nativitatis
1897 2742 2221 2815 Domini-⁵.

455 2864 614 2931 Item
647 2861 674 2906 6
713 2860 1032 2951 presbiter
1074 2861 1287 2930 Sancti
1345 2857 1572 2928 Privati
1642 2861 1832 2929 debet
1871 2857 2044 2928 dicto
2091 2861 2335 2929 decano
2376 2862 2456 2931 de
2496 2859 2700 2932 tribus

538 2974 822 3066 arpentis
857 2996 1004 3044 cum
1045 2972 1313 3044 dimidio
1342 2971 1481 3043 sitis
1519 2974 1685 3064 apud
1720 2976 2025 3043 Sanctum
2065 2973 2408 3056 Privatum,
2453 2973 2517 3043 in
2559 2977 2701 3046 loco

540 3088 647 3180 qui
701 3087 933 3159 dicitur
972 3091 1269 3170 Closeau,
1329 3087 1394 3156 in
1443 3089 1608 3157 (esto
1648 3089 1855 3157 sancti
1892 3085 2122 3176 Egidii,
2166 3089 2390 3158 decem
2453 3091 2700 3159 solidos

519 3534 536 3569 ¹
579 3533 676 3588 En
703 3549 947 3602 mat-qe:
981 3532 1137 3587 Istud
1165 3531 1385 3604 reperio
1414 3538 1651 3587 certum.
1686 3532 1878 3589 Habeo
1909 3533 2128 3588 literam
2159 3532 2229 3587 de
2258 3532 2480 3588 duobus
2504 3550 2703 3605 arpen-

449 3623 521 3678 tis
549 3621 957 3678 tantummodo.

518 3711 541 3745 ²
576 3711 673 3766 En
697 3726 897 3783 marae
937 3729 949 3766 :
982 3711 1107 3766 Fiat
1134 3711 1463 3766 informacio
1494 3726 1663 3782 super
1707 3709 1849 3765 libro
1889 3711 2016 3782 quis
2056 3716 2206 3766 tenet
2235 3711 2359 3767 illas
2389 3711 2580 3769 vineas
2608 3714 2694 3770 vel

447 3817 583 3924 no?
576 3891 668 3946 En
692 3907 944 3961 mar-qe:
989 3889 1207 3946 Sciatur
1245 3906 1278 3945 a
1324 3889 1583 3960 gentibus
1625 3890 1778 3946 illius
1822 3889 1953 3945 ville
1982 3890 2249 3946 trucicius
2279 3889 2350 3960 (2)
2393 3908 2565 3963 quam
2594 3908 2698 3963 po-

448 3981 597 4036 terit.

521 4069 548 4104 ⁴
585 4070 688 4124 Ces
717 4070 861 4125 deux
883 4073 1028 4124 mots
1056 4069 1126 4124 de
1153 4069 1205 4124 la
1235 4071 1418 4123 meme
1441 4071 1589 4125 main
1620 4085 1728 4141 que
1759 4070 1840 4124 les
1871 4068 2016 4123 deux
2046 4074 2236 4124 autres
2266 4075 2443 4126 notes,

522 4160 546 4192 ⁵
584 4160 687 4214 Ces
711 4164 909 4230 quatre
933 4164 1079 4214 mots
1104 4158 1175 4212 de
1205 4159 1409 4212 meme.
1440 4158 1601 4229 Puis,
1623 4159 1690 4213 de
1712 4160 1765 4213 la
1795 4159 1978 4212 meme
2009 4159 2161 4212 main
2198 4178 2209 4211 ε
2242 4159 2378 4213 Item
2409 4176 2579 4232 super
2605 4177 2697 4215 re-

452 4254 610 4320 cepta
632 4249 846 4303 domini
870 4248 1029 4303 ducis
1058 4246 1481 4303 Aurelianensis
1527 4247 1934 4319 quinquaginta
1964 4252 2088 4302 octo
2138 4247 2308 4302 libras
2356 4250 2694 4320 parisiorum

451 4338 745 4393 solvendas
771 4338 1032 4394 terminis
1065 4338 1161 4408 qui
1208 4343 1500 4408 secuntur,
1533 4337 1793 4392 videlicet
1839 4337 1897 4391 in
1927 4336 2070 4391 festo
2114 4337 2421 4392 Nativitatis
2472 4338 2696 4393 Domini

452 4428 581 4483 XIX
612 4428 650 4485 1.
683 4427 755 4482 VI
781 4444 828 4481 s,
862 4426 990 4482 VIII
1018 4426 1074 4481 d.
1124 4444 1204 4498 p.,
1243 4427 1373 4481 item
1406 4426 1463 4481 in
1491 4427 1631 4482 festo
1673 4426 1835 4481 beate
1878 4426 2052 4481 Marie
2094 4426 2403 4482 Candeloze
2442 4427 2693 4495 totidem,

450 4517 583 4572 item
613 4517 671 4572 in
699 4516 840 4571 festo
869 4516 1226 4571 Ascensionis
1255 4516 1478 4570 Domini
1507 4515 1759 4585 totidem,
1791 4531 1961 4585 super
1985 4530 2095 4586 qua
2124 4531 2345 4570 summa
2375 4516 2698 4588 capellanus

454 4623 656 4662 manus
680 4612 901 4662 mortue
930 4605 1098 4661 habet
1122 4606 1317 4660 decem
1347 4611 1403 4660 et
1422 4611 1547 4660 octo
1572 4604 1744 4660 libras
1772 4604 2108 4674 parisienses
2137 4603 2285 4677 (sic).

524 4695 549 4730 ⁸
584 4694 686 4751 En
721 4712 928 4765 mar-qe
964 4714 976 4749 ε
1003 4696 1082 4751 De
1107 4695 1214 4750 hoc
1236 4694 1414 4750 habeo
1442 4694 1660 4751 literam
1681 4700 1875 4750 contra
1895 4698 2175 4752 curatum.
