3485 5571
1795 667 2150 732 „454-

1748 1048 1938 1110 CCCX
1945 1048 2132 1109 XXVI
2143 1049 2198 1110 11

1719 1323 1757 1386 8
1794 1322 2010 1402 juillet
2083 1322 2230 1385 1277

936 1542 1070 1603 Jean
1104 1543 1421 1612 d’Orleans,
1453 1543 1703 1616 premier
1740 1544 2020 1614 seigneur,
2054 1543 2329 1599 confirmo
2357 1542 2411 1598 la
2438 1547 2608 1599 vente
2643 1544 3007 1617 precedente.

1307 1688 1482 1760 (Orig.
1516 1706 1564 1745 s.
1605 1691 1799 1761 parch.
1830 1689 2004 1746 Arch.
2036 1688 2115 1745 du
2137 1690 2348 1756 Loiret,
2375 1689 2441 1745 G.
2477 1689 2634 1761 373.)

932 1907 1255 1981 Universis
1295 1923 1631 2000 presentes
1675 1910 1922 1980 litteras
1960 1907 2350 1999 inspecturis
2394 1913 2724 1981 lohannes
2775 1912 2859 1982 de
2899 1915 3084 1982 Aure-

844 2022 1060 2107 lianis,
1104 2024 1311 2104 miles,
1348 2025 1619 2094 salutem
1662 2021 1726 2091 iu
1788 2020 2088 2094 Domino.
2143 2026 2373 2093 Notum
2436 2022 2711 2095 iacimus
2770 2027 2944 2115 quod
2977 2046 3086 2094 nos

846 2149 1040 2206 totam
1086 2134 1399 2205 decimam
1454 2137 1535 2206 de
1583 2133 1943 2217 Villemain,
2003 2134 2067 2203 in
2134 2135 2466 2226 parrochia
2521 2136 2602 2207 de
2651 2134 3086 2207 Charconvilla

843 2249 1057 2330 sitam,
1105 2270 1294 2338 quam
1351 2251 1608 2320 tenebat
1647 2271 1682 2318 a
1725 2247 1913 2318 nobis
1967 2246 2031 2316 in
2091 2249 2283 2319 feudo
2323 2246 2713 2339 Baginaldus
2755 2251 2835 2320 de
2864 2253 3080 2334 Sours,

842 2360 1053 2445 miles,
1085 2383 1273 2451 quam
1303 2360 1561 2451 quidem
1606 2358 1924 2432 decimam
1953 2360 2163 2432 dictus
2190 2360 2578 2452 Baginaldus
2610 2361 2900 2433 vendidit
2942 2361 3084 2432 viris

841 2473 1312 2546 venerabilibus
1350 2487 1412 2546 et
1446 2472 1745 2546 discretis
1783 2477 2029 2546 decano
2075 2488 2139 2545 et
2177 2474 2456 2566 capitulo
2497 2474 3078 2560 Aurelianensibus,

841 2588 1030 2659 dictis
1077 2590 1323 2659 decano
1373 2602 1440 2659 et
1490 2586 1769 2678 capitulo
1808 2600 2109 2678 tanquam
2170 2592 2418 2679 primus
2464 2587 2766 2660 dominus
2817 2590 3080 2661 feudalis

840 2704 1008 2776 dicte
1047 2702 1296 2776 decime
1335 2703 1907 2787 admortilicamuS,
1937 2716 2001 2775 et
2031 2705 2326 2774 volumus
2361 2717 2423 2774 et
2450 2701 2874 2775 concedimus
2913 2700 3074 2794 quod

841 2819 996 2891 dicti
1049 2822 1333 2891 decanus
1392 2833 1457 2889 et
1507 2817 1856 2910 capitulum
1920 2816 2153 2889 dictam
2194 2816 2510 2890 decimam
2560 2817 3074 2889 admortificatam

839 2957 1090 3007 exnunc
1131 2932 1191 3003 in
1234 2946 1616 3026 perpetuum
1663 2932 1726 3002 in
1759 2955 1953 3003 manu
1996 2946 2241 3002 mortua
2284 2945 2544 3003 teneant
2584 2945 2648 3004 ct
2687 2931 3074 3023 possideant,

839 3062 902 3121 et
943 3047 1377 3140 promittimus
1420 3050 1584 3117 bona
1634 3048 1759 3118 fide
1797 3049 1968 3137 quod
2007 3069 2125 3117 nos
2166 3061 2468 3137 tauquam
2506 3048 2759 3138 primus
2787 3043 3077 3116 dominus

839 3161 1108 3235 leudalis
1133 3162 1369 3232 dictam
1389 3162 1706 3231 decimam
1734 3157 2171 3239 liberabimus,
2197 3159 2742 3247 guarantiabimus
2762 3173 2830 3231 et
2848 3160 3077 3231 deffen-

841 3279 1067 3348 demus
1116 3272 1303 3345 dictis
1334 3271 1609 3359 decanis⁵
1647 3287 1712 3344 et
1763 3272 2044 3368 capitulo
2088 3287 2396 3364 perpetuo
2439 3287 2665 3344 contra
2714 3295 2944 3345 omnes
2978 3268 3075 3362 qui

840 3413 912 3462 se
953 3391 1241 3461 dicerent
1270 3411 1385 3460 seu
1425 3391 1710 3460 facerent
1749 3390 2048 3459 dominos
2079 3390 2365 3459 feudales
2400 3387 2652 3460 decime
2686 3390 3067 3480 supradicte.

840 3517 1106 3595 excepto
1136 3500 1397 3574 domino
1428 3500 1735 3593 episcopo
1763 3499 2229 3585 Aurelianensi,
2265 3524 2299 3571 a
2333 3524 2461 3592 quo
2486 3499 2813 3572 tenuimus
2842 3501 2905 3571 in
2944 3503 3068 3571 teu·

840 3623 992 3691 dum
1029 3616 1342 3689 decimam
1400 3615 1854 3707 supradictam.
1898 3618 1972 3686 Et
2017 3629 2323 3707 quantum
2366 3616 2447 3686 ad
2492 3617 2708 3687 omnia
2733 3629 2801 3688 et
2837 3614 3073 3706 singula

842 3715 1205 3825 supradicta
1241 3733 1517 3802 tenenda
1578 3742 1643 3801 et
1680 3728 2089 3821 adimplenda
2154 3730 2516 3821 obligamus
2550 3752 2672 3801 nos
2711 3743 2779 3801 et
2817 3731 3073 3801 heredes

842 3863 906 3921 et
934 3867 1349 3920 successores
1380 3858 1637 3916 nostros
1666 3857 1732 3915 et
1762 3843 1974 3915 omnia
2017 3847 2181 3914 bona
2216 3858 2433 3915 nostra
2456 3842 2717 3915 mobilia
2754 3857 2822 3915 et
2857 3846 3073 3914 immo-

841 3962 1018 4046 bilia,
1083 3961 1403 4053 presentia
1451 3974 1516 4031 et
1563 3963 1796 4042 futura,
1840 3961 2085 4030 decano
2145 3973 2208 4030 et
2247 3957 2527 4049 capitulo
2557 3958 2965 4050 supradictis.
3008 3958 3070 4025 lu

842 4079 1029 4168 eujus
1082 4073 1176 4146 rei
1225 4072 1598 4144 memoriam
1660 4086 1725 4143 et
1765 4071 2207 4143 testimonium
2243 4085 2577 4163 presentes
2620 4069 2865 4143 litteras
2892 4066 3071 4141 dictis

843 4197 1089 4266 decano
1119 4205 1184 4262 et
1228 4189 1508 4281 capitulo
1559 4189 1636 4258 ad
1679 4209 1905 4279 preces
1942 4187 2089 4259 dicti
2133 4186 2460 4278 Baginaldi
2502 4185 2825 4273 dedimus,
2869 4184 3064 4276 sigillo

844 4322 1065 4380 nostro
1136 4302 1466 4396 sigillatas.
1545 4306 1776 4373 Datum
1843 4323 2013 4372 anno
2079 4300 2337 4373 Domini
2417 4299 2760 4372 millesimo
2838 4299 3066 4371 CCLXX

844 4420 1143 4512 septimo,
1187 4417 1290 4491 die
1312 4414 1478 4509 jovis
1513 4428 1660 4508 post
1697 4419 1929 4487 festum
1970 4416 2185 4488 Sancti
2225 4414 2472 4486 Martini
2505 4412 2815 4486 estivalis
