3485 5571
1793 679 2147 739 -248-

855 804 1157 897 predictis
1190 804 1427 874 suimus
1462 807 1846 895 attemptati.
1908 808 2215 874 Volumus
2259 818 2475 875 autem
2517 819 2586 874 ut
2621 803 2818 875 vestri
2851 802 3091 873 arbitrii

846 919 1166 989 sententia
1223 942 1412 1009 supra
1473 918 1777 1008 predictis
1823 917 2107 989 articulis
2165 940 2367 1007 usque
2424 921 2500 987 ad
2566 920 2737 988 diem
2795 916 3091 987 mercurii

847 1036 1208 1123 proximum
1263 1047 1407 1123 post
1469 1037 1699 1101 testum
1764 1036 1995 1101 Sancte
2058 1030 2280 1101 Crucis
2333 1032 2399 1099 in
2440 1031 2610 1101 maio
2651 1031 2972 1122 [teratur].
3018 1031 3089 1099 In

845 1149 1037 1234 buius
1076 1161 1291 1215 autem
1333 1145 1419 1215 rci
1456 1145 1899 1215 testimonium
1943 1159 2275 1235 presentes
2309 1145 2552 1213 litteras
2581 1142 2776 1213 scribi
2804 1157 2868 1213 et
2895 1143 3084 1233 sigilli

845 1259 1044 1329 nostri
1089 1263 1457 1329 caractbere
1500 1260 1775 1329 fecimus
1806 1255 2213 1328 communiri.
2254 1265 2476 1327 Actum
2510 1256 2572 1325 in
2613 1256 2894 1346 capitulo
2939 1279 3087 1327 nos-

845 1387 964 1459 tro,
1010 1396 1179 1443 anno
1209 1376 1287 1442 ab
1327 1370 1764 1442 incarnatione
1793 1371 2052 1442 Domini
2087 1374 2281 1451 1215,
2328 1393 2549 1441 mense
2582 1369 2777 1440 maio.

1843 1758 2070 1819 CLXII!

1807 2059 1929 2121 Mai
1976 2058 2131 2121 1213

840 2334 1111 2389 Sentence
1135 2331 1398 2387 arbitrale
1428 2332 1496 2386 de
1525 2331 1777 2402 l’eveque
1808 2332 2084 2402 Manasse‚
2117 2330 2406 2387 absolvant
2438 2334 2490 2387 le
2529 2332 2710 2404 doyen
2758 2334 2829 2388 de
2880 2334 3092 2390 Sainte-

866 2432 867 2435 ’
908 2428 1073 2484 Croix
1124 2428 1191 2482 de
1220 2429 1274 2482 la
1306 2428 1600 2499 poursuite
1630 2428 1705 2482 du
1731 2428 1979 2498 chapitre
2012 2426 2081 2481 de
2111 2428 2538 2497 Saint-Aignan,
2575 2444 2743 2500 parce
2775 2430 2914 2501 qu‘il
2953 2429 3097 2483 avait

908 2526 1297 2578 excommunic}
1324 2526 1377 2579 le
1406 2523 1695 2595 chapelain
1726 2523 1794 2576 de
1825 2525 1878 2577 la
1907 2523 2161 2593 chapelle
2191 2524 2598 2593 Saint·Aignan
2626 2542 2772 2596 pour
2800 2526 3088 2581 desobeis·

890 2638 1112 2690 ‘sance;
1144 2620 1327 2675 c’etait
1355 2637 1455 2674 son
1488 2620 1633 2673 droit
1662 2619 2083 2687 d’archidiacre,
2117 2636 2338 2675 comme
2367 2620 2437 2675 de
2467 2637 2729 2676 nommer
2780 2623 2831 2677 le
2876 2622 3098 2677 desser-

911 2722 1038 2771 vant
1069 2716 1138 2772 de
1166 2718 1221 2772 la
1250 2716 1569 2772 succursale
1600 2714 1926 2785 d’Herbilly.

841 2865 1055 2936 (Copie.
1134 2865 1255 2920 Bib.
1324 2865 1621 2920 d'Orleans
1668 2881 1776 2919 ωε.
1836 2863 1961 2928 552,
2010 2883 2063 2935 p.
2111 2865 2255 2929 310;
2324 2865 2757 2935 probablement
2811 2868 2890 2922 du
2941 2867 3098 2922 Livre

910 2963 1129 3031 Rouge‚
1160 2961 1208 3014 f⁰
1238 2961 1357 3015 112.
1401 2991 1469 3001 --
1519 2961 1638 3015 Bib.
1689 2961 1817 3016 Nat.
1863 2962 2004 3016 Coll.
2051 2962 2279 3016 Moreau
2323 2962 2465 3016 117:
2511 2962 2637 3018 147.
2692 2983 2716 3013 ι
2767 2963 2977 3017 Extrait
3030 2962 3102 3017 du

911 3058 1118 3112 Cartul.
1152 3057 1221 3110 de
1254 3057 1645 3112 Salute-Croix
1673 3056 1965 3112 d’Orleans
1989 3057 2085 3112 sol.
2114 3057 2216 3111 112
2249 3069 2306 3108 v⁰
2337 3059 2411 3126 2).

933 3303 1000 3369 ln
1028 3298 1286 3369 nomine
1308 3301 1509 3368 Patris
1535 3311 1599 3369 et
1626 3296 1762 3367 Filii
1790 3312 1855 3369 et
1880 3295 2155 3388 Spiritus
2179 3298 2424 3370 Sancti.
2454 3302 2586 3388 Ego
2611 3303 2959 3379 Manasses,
2981 3276 3093 3368 Dei

846 3417 1059 3503 gracia
1102 3411 1573 3482 Aurelianensis
1614 3411 1986 3501 episcopus,
2026 3412 2262 3482 arbiter
2296 3414 2542 3482 electus
2582 3417 2703 3482 sub
2732 3437 2893 3503 pena
2921 3435 3098 3484 sexa·

847 3525 1021 3616 ginta
1062 3528 1364 3595 librarum
1406 3549 1599 3616 super
1637 3527 2066 3596 contencione
2107 3551 2230 3616 que
2287 3529 2649 3596 vertebatur
2698 3527 2864 3597 inter
2922 3530 3101 3596 deca-

852 3662 1001 3708 num
1031 3653 1095 3710 et
1125 3638 1476 3730 capitulum
1513 3640 1788 3709 ecclesie
1824 3642 1999 3709 Beati
2041 3638 2288 3720 Auiani,
2325 3663 2396 3709 ex
2437 3664 2557 3710 una
2592 3655 2792 3732 parte,
2828 3654 2892 3710 et
2915 3639 3102 3709 dilec-

853 3767 987 3822 tum
1015 3753 1210 3822 filium
1255 3756 1627 3835 Falconem,
1663 3756 1978 3823 decanum
2014 3753 2558 3831 Aurelianensem,
2605 3777 2800 3844 super
2829 3776 2906 3824 eo
2933 3755 3102 3823 vide-

858 3871 1007 3944 licet
1052 3875 1219 3963 quod
1264 3876 1546 3944 decanus
1587 3888 1648 3943 et
1689 3873 2038 3963 capitulum
2079 3873 2250 3943 Beati
2294 3872 2513 3943 Auiani
2560 3876 2873 3943 decanum
2916 3878 3103 3943 Aure·

860 3988 1208 4058 lianensem
1252 4011 1468 4058 coram
1502 3988 1829 4079 judicibus
1868 4012 1902 4058 a
1949 3987 2210 4058 domino
2250 4011 2412 4079 papa
2444 3988 2752 4078 delegatis
2795 3998 3101 4058 traxerant

856 4106 919 4172 in
971 4125 1230 4173 causam
1274 4116 1423 4192 puta
1465 4125 1660 4192 super
1698 4105 1972 4191 eoquod
2015 4105 2183 4171 idem
2235 4104 2520 4171 decanus
2552 4104 2951 4191 capellanum
3005 4123 3102 4171 ca-

861 4219 1024 4308 pelle
1066 4214 1276 4285 Sancti
1318 4215 1544 4286 Auiani
1588 4217 2278 4298 excommunicaverat,
2320 4231 2382 4286 et
2425 4215 2632 4286 eidem
2687 4215 3098 4306 parochianos

861 4353 1014 4401 suos
1042 4332 1478 4399 substraxerat
1504 4328 1649 4420 quia
1670 4328 2050 4399 inobediens
2083 4328 2139 4399 ei
2169 4330 2481 4399 extiterat.
2514 4328 2809 4438 lleceptis
2840 4332 3099 4398 testibus

862 4445 1191 4536 utriusque
1245 4460 1421 4535 parte
1483 4445 1861 4516 examinatis
1915 4461 1980 4515 et
2035 4445 2555 4516 attestationibus
2598 4444 2939 4536 diligenter
2974 4447 3101 4514 ins-

860 4559 1062 4645 pectis
1102 4573 1166 4630 et
1209 4559 1558 4649 privilegiis
1597 4561 1997 4643 eorumdem,
2033 4562 2343 4630 decanum
2381 4562 2462 4629 ab
2502 4557 2903 4649 impetitione
2940 4558 3097 4649 ipso-

859 4695 1000 4741 rum
1067 4671 1486 4759 absolvimus,
1542 4673 1906 4762 judicantes
1964 4694 2110 4742 eum
2171 4695 2318 4742 esse
2358 4670 2420 4741 iu
2473 4672 2889 4762 possessione
2929 4667 3098 4762 justi-
