3485 5571
1389 647 1466 656 —
1512 610 1629 674 1029
1669 646 1747 655 —

455 752 767 829 praecepto
817 739 1112 808 interseri
1155 737 1412 829 placuit,
1442 751 1507 807 ut
1551 737 1604 806 si
1646 737 1879 827 aliquis
1919 759 2031 828 per
2070 749 2161 806 tot
2199 759 2508 806 annarum
2550 760 2696 807 cur-

451 851 640 923 ricula
671 855 767 923 vel
819 874 853 921 a
903 865 1187 943 tempore
1246 850 1463 922 domni
1524 865 1588 921 et
1647 849 1958 941 genitoris
2015 850 2214 921 nostri
2296 849 2581 932 Hlotarii‚
2627 863 2691 920 et

453 967 568 1056 piae
606 964 1069 1036 recordationis
1107 964 1201 1035 avi
1230 963 1433 1036 nostri
1475 961 1806 1034 Hlndovici
1847 962 2097 1034 scilicet
2134 987 2207 1034 ac
2241 964 2449 1034 Karoli
2486 963 2690 1054 Magni

453 1103 651 1170 usque
711 1082 788 1150 ad
849 1083 972 1149 hoc
1022 1093 1276 1169 tempus
1312 1077 1546 1169 aliquid
1609 1100 1683 1148 ex
1740 1081 1934 1149 rebus
1992 1083 2087 1148 vel
2148 1076 2485 1168 mancipiis
2530 1080 2696 1168 jam-

453 1193 633 1265 dictae
670 1193 988 1273 ecclesiae,
1027 1192 1313 1283 quolibet
1342 1195 1508 1263 malo
1547 1195 1642 1264 vel
1684 1214 1986 1284 perverso
2027 1193 2313 1283 ingenio,
2349 1195 2446 1262 vel
2482 1213 2698 1283 perse-

451 1311 709 1379 cutione
768 1306 978 1398 aliqua
1032 1305 1430 1390 imminente,
1502 1329 1618 1377 seu
1675 1305 1959 1396 qualibet
1989 1305 2283 1378 tarditate
2339 1310 2436 1377 vel
2501 1308 2700 1396 negli-

452 1421 661 1512 gentia
701 1420 1195 1503 interveniente,
1237 1419 1594 1492 invadendo
1642 1423 1738 1490 vel
1772 1422 2211 1492 subtrahendo
2249 1422 2552 1505 abstulit;
2601 1421 2701 1491 vel

452 1535 503 1605 si
535 1534 838 1626 quislibet
877 1557 951 1606 ex
992 1532 1308 1625 praedictae
1340 1533 1632 1605 ecclesiae
1674 1533 2012 1625 mancipiis
2067 1556 2474 1624 quocumque
2534 1536 2703 1604 malo

451 1647 712 1739 ingenio
746 1671 780 1718 a
820 1647 1082 1718 servitio
1121 1646 1326 1738 ipsius
1380 1670 1451 1719 se
1510 1649 1858 1719 occultavit
1897 1650 1995 1719 vel
2045 1648 2355 1719 subtraxit
2411 1661 2521 1720 aut
2559 1651 2703 1739 suga

453 1765 672 1852 lapsus
710 1774 837 1845 est,
869 1774 932 1832 et
971 1764 1095 1832 hoc
1125 1764 1426 1853 praelatus
1464 1760 1669 1852 ipsius
1721 1760 2016 1833 ecclesiae
2055 1763 2151 1832 vel
2199 1761 2298 1832 sui
2364 1784 2707 1833 suecesso—

454 1899 555 1947 res
594 1878 950 1967 approbare
990 1898 1116 1946 una
1156 1898 1304 1946 cum
1359 1874 1682 1946 advocatis
1721 1877 1822 1946 vel
1862 1874 2137 1948 testibus
2177 1877 2437 1947 idoneis
2479 1890 2704 1968 potue·

450 1989 604 2074 rint,
658 1989 742 2060 ita
795 2012 909 2080 per
944 1993 1069 2060 hoc
1107 1988 1509 2060 celsitudinis
1562 2003 1801 2060 nostrae
1872 2002 2261 2081 praeceptum
2319 1994 2706 2082 approbent,

450 2101 611 2174 etin
654 2103 971 2194 integrum
1012 2127 1153 2196 quae
1185 2127 1299 2174 sua
1332 2103 1570 2174 fuerint
1608 2103 1744 2196 ipsa
1784 2104 2050 2194 recipiat
2083 2104 2354 2176 ecclesia
2405 2104 2543 2176 sine
2593 2103 2709 2175 ali-

451 2220 639 2308 cujus
678 2216 1182 2288 contradictione
1253 2219 1350 2288 vel
1421 2216 1903 2289 intromissione
1953 2217 2310 2309 potestatis.
2378 2223 2508 2289 Hoc
2556 2241 2706 2289 vero

451 2345 694 2403 nostrae
755 2329 1150 2402 auctoritatis
1197 2346 1612 2423 praeceptum,
1684 2345 1753 2401 ut
1792 2331 2143 2422 pleniorem
2184 2332 2248 2402 in
2289 2333 2403 2403 Dei
2444 2335 2709 2404 nomine

450 2444 742 2515 obtineat
779 2444 1087 2536 vigorem,
1131 2459 1190 2515 et
1228 2448 1264 2516 a
1306 2447 1601 2516 fidelibus
1632 2461 1872 2517 sanctae
1927 2446 2042 2517 Dei
2085 2449 2375 2518 ecclesiae
2416 2470 2527 2539 per
2569 2447 2708 2518 diu-

455 2573 643 2628 turna
677 2572 1096 2630 conservetur
1120 2573 1430 2647 tempora,
1475 2584 1665 2630 manu
1708 2560 1961 2652 propria
2003 2563 2615 2632 subterfirmavimus
2644 2578 2707 2634 et

457 2675 639 2742 anuli
679 2670 881 2743 nostri
920 2671 1346 2763 impressione
1386 2671 1675 2764 insigniri
1704 2676 2048 2764 jussimus.

541 2785 813 2877 Signum
846 2784 1088 2857 domini
1125 2785 1448 2858 Hludovici
1480 2787 1926 2878 gloriosissimi
1971 2791 2139 2880 regis
2175 2794 2589 2863 Francorum.

532 2908 675 2994 Ego
731 2905 1057 2989 Amulius,
1117 2908 1197 2974 ad
1259 2906 1468 2974 vicem
1509 2903 1727 2975 domni
1775 2906 2196 2977 Adalberonis
2232 2905 2701 2998 archiepiscopi

448 3031 651 3109 atque
679 3016 1250 3100 archicancellarii,
1292 3017 1661 3108 recognovi.

537 3139 772 3203 Actum
846 3155 1016 3202 anno
1088 3132 1548 3203 iucarnationis
1652 3135 2008 3205 Dominicae
2095 3139 2698 3218 DCCCCLXXVllII,

450 3242 761 3318 secundo
805 3249 907 3316 die
948 3245 1138 3337 regiae
1220 3245 1641 3318 ordinationis
1737 3251 2053 3338 ejusdem,
2121 3250 2473 3323 indictione
2561 3255 2694 3334 Vll,

447 3365 498 3430 V
538 3363 699 3431 idus
731 3359 916 3450 junii.
960 3365 1185 3431 Actum
1227 3359 1721 3451 Compendiensi
1752 3362 1983 3454 palatio
2008 3361 2074 3432 in
2113 3362 2230 3435 Dei
2271 3367 2535 3436 nomine
2569 3364 2705 3436 leli-

447 3473 636 3547 citer.
683 3479 907 3546 Amen.

647 4763 786 4815 unu.
828 4774 959 4815 xxx.
2420 4766 2455 4822 9
