3485 5571
1431 682 1792 749 ...309-

472 829 543 886 et
585 814 886 885 auxilium
927 812 1194 884 aliorum
1235 815 1506 885 duorum
1562 812 1814 883 obviam
1871 835 2076 903 usque
2137 815 2217 883 ad
2277 811 2607 884 calciatam
2661 815 2739 884 de

483 929 773 1000 Sarcotis
811 942 875 999 et
916 951 1043 998 non
1086 931 1271 998 ultra.
1322 931 1463 999 Alio
1508 949 1657 999 vero
1696 941 2013 1018 tempore,
2056 950 2182 997 non
2228 926 2454 1019 poterit
2498 951 2742 1019 ponere

483 1043 613 1114 nisi
646 1058 891 1113 tantum
933 1046 1096 1114 duos
1136 1066 1340 1133 equos
1387 1045 1465 1113 ad
1506 1041 1902 1133 quadrigam.
1949 1045 2134 1124 Item,
2182 1064 2217 1112 a
2273 1044 2490 1113 medio
2522 1042 2739 1113 marcii

489 1180 697 1248 usque
753 1160 831 1227 ad
893 1156 1174 1228 medium
1233 1158 1608 1248 septembri,
1669 1179 1796 1225 non
1858 1155 2047 1227 saciet
2095 1159 2299 1227 secari
2362 1155 2425 1225 in
2482 1179 2744 1228 nemore

490 1271 783 1363 predicto
824 1270 946 1343 nisi
986 1284 1284 1363 presente
1318 1270 1621 1362 quadriga
1664 1295 1806 1357 sua,
1859 1273 1973 1341 sed
2035 1294 2070 1341 a
2129 1270 2341 1343 medio
2394 1273 2742 1361 septembri

490 1408 700 1476 usque
739 1389 816 1456 ad
860 1386 1141 1456 medium
1175 1385 1398 1457 marcii
1440 1388 1606 1456 bene
1636 1384 1871 1476 poterit
1903 1389 2112 1456 facere
2147 1384 2376 1468 secari,
2422 1373 2572 1457 lic'et
2616 1409 2743 1456 non

489 1499 577 1568 sit
641 1522 910 1590 presens
962 1498 1317 1590 quadriga;
1380 1503 1502 1569 boc
1561 1515 1775 1569 tamen
1832 1501 2082 1590 adjecto
2133 1501 2305 1589 quod
2356 1499 2746 1592 quicumque

489 1612 736 1685 secabit
794 1637 907 1704 pro
987 1637 1090 1696 eo,
1147 1612 1447 1705 quotiens
1500 1613 1688 1683 luerit
1742 1612 2089 1703 requisitus
2158 1636 2194 1683 a
2254 1617 2587 1705 preposito
2647 1616 2744 1685 vel

489 1727 829 1799 forestario
869 1732 969 1799 vel
996 1744 1174 1800 certo
1214 1729 1512 1798 mandato
1551 1726 1836 1818 capituli,
1874 1730 2063 1798 tidem
2098 1726 2309 1808 saciet,
2355 1729 2480 1797 nisi
2533 1742 2745 1799 tamen

490 1840 574 1912 sit
631 1841 693 1911 in
748 1841 1007 1913 servitio
1060 1841 1327 1932 predicti
1383 1839 1602 1911 militis
1641 1843 1719 1911 ad
1762 1843 2022 1931 longum
2072 1845 2448 1924 terminum,
2490 1856 2553 1912 et
2596 1857 2748 1912 tunc

493 1959 696 2027 semel
729 1955 967 2047 jurabit
1015 1956 1201 2027 alicui
1235 1954 1667 2047 predictorum
1705 1978 1821 2045 pro
1858 1969 1992 2026 toto
2034 1970 2321 2047 tempore
2362 1979 2490 2046 quo
2531 1978 2747 2047 perse-

495 2070 743 2141 verabit
790 2071 854 2140 in
898 2071 1161 2143 servitio
1217 2055 1665 2161 ipsiussquod
1725 2092 1854 2139 non
1905 2069 2149 2141 secabit
2204 2073 2284 2140 de
2333 2093 2595 2141 nemore
2622 2070 2746 2141 nisi

490 2198 806 2277 quantum
847 2187 1065 2255 credet
1095 2188 1392 2255 sulficere
1421 2186 1501 2253 ad
1534 2206 1725 2253 unam
1766 2180 2230 2275 quadrigatam,
2296 2198 2360 2255 et
2389 2188 2559 2276 quod
2604 2200 2748 2276 post

489 2322 826 2372 recessum
867 2298 1172 2389 quadrige
1203 2301 1281 2369 de
1312 2320 1575 2369 nemore
1606 2300 1890 2388 amplius
1921 2300 2001 2369 de
2032 2320 2294 2369 nemore
2335 2321 2462 2369 non
2503 2297 2747 2370 secabit
2812 2346 2815 2351 -

487 2414 597 2485 die
630 2412 740 2484 illo
778 2426 842 2483 et
879 2415 1047 2503 quod
1081 2413 1285 2483 credit
1315 2414 1485 2501 quod
1519 2410 1824 2502 quadriga
1865 2410 1967 2482 illa
2017 2411 2101 2482 sit
2146 2425 2409 2483 ventura
2449 2412 2553 2483 die
2603 2412 2736 2486 illo.

488 2527 555 2598 Si
620 2548 772 2598 vero
836 2549 1031 2617 super
1089 2528 1210 2597 boc
1262 2527 1452 2596 tidem
1509 2528 1660 2596 dare
1711 2528 1808 2595 vel
1855 2528 2070 2616 jurare
2114 2525 2414 2608 noluerit,
2458 2528 2749 2619 capietur

490 2663 611 2733 pro
652 2643 951 2711 emenda.
990 2643 1148 2711 Item
1193 2662 1556 2710 merreuum
1607 2643 1702 2710 vel
1762 2661 2090 2711 escorcam
2126 2639 2191 2709 in
2227 2662 2488 2711 nemore
2536 2644 2746 2711 facere

490 2778 621 2827 nou
664 2758 921 2847 poterit,
959 2756 1071 2825 sed
1108 2753 1275 2845 ligna
1314 2775 1440 2845 que
1470 2752 1739 2825 voluerit
1770 2756 1848 2825 de
1881 2776 2143 2826 nemore
2172 2756 2555 2845 asportabit,
2595 2757 2747 2827 inde

491 2893 688 2961 opera
746 2891 872 2960 que
927 2869 1197 2939 voluerit
1254 2871 1317 2937 in
1379 2870 1668 2960 predicto
1723 2871 1912 2939 feodo
1965 2871 2270 2940 tacturus.
2334 2873 2651 2955 Preterea,
2710 2893 2744 2939 a

496 2988 659 3055 sesto
713 2983 918 3053 sancti
982 2981 1226 3052 Martini
1291 2982 1600 3073 hyemalis
1659 3005 1864 3073 usque
1919 2985 1997 3053 ad
2053 2985 2268 3053 Natale
2323 2982 2605 3065 Domini,
2678 2983 2743 3052 in

497 3119 760 3169 nemore
827 3099 1119 3188 predicto
1183 3094 1416 3186 poterit
1489 3118 1717 3187 capere
1783 3098 2072 3186 paxillos,
2148 3120 2313 3187 quos
2371 3099 2745 3168 charnerios

493 3213 919 3303 appellamu8‚
967 3233 1170 3301 usque
1224 3212 1301 3280 ad
1362 3224 1662 3281 sexcenta
1739 3225 2015 3292 tantum,
2081 3209 2166 3281 ita
2204 3213 2373 3301 quod
2415 3209 2748 3301 quodlibet

496 3339 753 3396 centum
805 3323 1132 3397 contineat
1171 3325 1430 3414 triginta
1462 3315 1845 3415 Javellas'et
1902 3325 2185 3415 quelibet
2216 3326 2442 3415 Javella
2486 3339 2745 3394 centum

494 3439 890 3510 charnerios.
940 3442 1228 3529 Reponet
1266 3451 1479 3508 autem
1535 3461 1650 3510 eos
1688 3441 1857 3528 apud
1917 3443 2212 3508 Sarcotas
2272 3460 2392 3509 nec
2443 3460 2557 3509 eos
2597 3437 2747 3509 inde

490 3551 845 3645 asportabit
887 3555 1093 3623 donec
1142 3574 1257 3622 eos
1308 3549 1664 3622 ostenderit
1704 3554 2004 3623 mandato
2037 3551 2322 3642 capituli.
2368 3554 2458 3622 Ad
2497 3551 2746 3623 lacien-

490 3670 609 3739 dos
647 3669 844 3739 etiam
884 3688 999 3736 seu
1041 3668 1359 3757 parandos
1389 3664 1762 3737 charnerios
1792 3664 1936 3737 illos
1974 3664 2039 3734 in
2072 3688 2335 3736 nemore
2375 3668 2521 3757 plus
2551 3689 2742 3756 quam

492 3797 624 3853 tres
664 3780 964 3852 homines
1019 3764 1214 3851 simul
1254 3803 1384 3851 non
1425 3783 1716 3860 babebit,
1761 3781 1867 3872 qui
1902 3780 2093 3851 etiam
2135 3783 2324 3851 fidem
2366 3784 2746 3871 prestabunt

490 3897 795 3966 mandato
848 3892 1107 3984 capituli
1165 3896 1335 3984 quod
1394 3894 1458 3964 in
1526 3894 1905 3985 colligendis
1978 3892 2332 3965 charneriis
2399 3917 2740 3964 numerum

491 4022 942 4080 sexcentorum
977 4031 1102 4078 non
1134 4010 1465 4078 excedent.
1503 4013 1619 4080 Per
1645 4011 1998 4098 predictam
2024 4022 2237 4078 autem
2268 4010 2738 4079 ordinationem

492 4123 628 4195 sive
669 4121 1191 4204 declarationem,
1239 4125 1479 4192 nullum
1531 4123 1688 4193 alias
1749 4126 1857 4194 liet
1912 4122 2199 4212 predicto
2240 4122 2423 4193 militi
2465 4126 2559 4194 vel
2601 4126 2742 4214 ejus

495 4236 712 4308 heredi
753 4235 1199 4327 prejudicium,
1230 4238 1344 4307 sed
1373 4238 1579 4307 littere
1605 4239 1814 4308 suein
1841 4260 1960 4307 suo
1989 4240 2219 4308 robore
2245 4240 2738 4327 permanebunt,

496 4373 653 4441 quas
701 4354 893 4422 babet
935 4373 1129 4442 super
1179 4350 1450 4441 usuagio
1486 4373 1628 4436 suo,
1674 4350 1889 4442 sigillo
1940 4351 2196 4442 capituli
2248 4350 2577 4441 sigillatas.
2614 4355 2742 4422 Nos

498 4479 736 4550 autem,
771 4467 836 4534 in
878 4467 1067 4555 hujus
1105 4463 1194 4534 rei
1236 4466 1426 4535 fidem
1481 4478 1546 4536 et
1597 4464 2064 4548 testimonium,
2108 4480 2441 4554 presentes
2501 4465 2741 4536 litteras

501 4575 708 4665 sigillo
762 4590 983 4647 nostro
1045 4575 1352 4666 sigillatas
1416 4590 1541 4646 tam
1621 4576 1900 4666 capitulo
1958 4600 2147 4667 quam
2211 4577 2498 4666 predicto
2556 4575 2739 4647 militi

502 4689 792 4760 duximus
826 4692 1299 4760 concedendas.
1336 4696 1557 4760 Actum
1601 4713 1770 4761 auno
1810 4690 2061 4761 Domini
2097 4693 2511 4760 MCCXXVHL
