3485 5571
1763 639 2124 705 —412—

819 779 1081 860 propter
1115 769 1239 839 hoc
1271 765 1420 839 dicti
1483 769 1769 841 decanus
1821 781 1885 839 et
1928 767 2306 859 capitulum,
2339 780 2409 837 ut
2448 764 2727 838 confessi
2767 778 2922 836 sunt
2960 788 3063 837 co-

814 904 947 951 ram
977 879 1164 951 nobis
1192 879 1365 972 prior
1391 895 1455 952 et
1495 880 1991 953 archidiaconus
2029 881 2326 972 predicti,
2393 880 2831 971 promiserunt
2898 879 3063 950 dicto

814 994 1294 1080 archidiacono,
1331 997 1541 1085 quoad
1577 995 1801 1065 vixerit
1834 996 2014 1065 idem
2046 992 2565 1075 archidiaconus,
2613 1015 2683 1064 se
2739 995 3065 1065 soluturos

731 1131 736 1134 ·
816 1131 930 1200 per
963 1131 1062 1190 se,
1090 1109 1187 1178 vel
1230 1131 1343 1199 per
1381 1110 1558 1178 illum
1591 1111 1687 1179 vel
1734 1108 1881 1179 illos
1911 1108 2020 1199 qui
2062 1107 2347 1179 decimas
2400 1105 2623 1179 decani
2684 1120 2750 1178 et
2803 1106 3064 1198 capituli

815 1225 983 1314 apud
1018 1221 1449 1293 Donesiacum
1506 1221 1664 1293 sitas
1726 1225 1808 1293 ad
1857 1221 2385 1293 admodiaconem
2445 1224 2776 1308 tenebunt,
2834 1243 3073 1292 annua·

814 1336 923 1406 tim
969 1359 1167 1406 unum
1246 1335 1532 1406 modium
1592 1335 1866 1427 siliginis
1923 1335 1988 1406 in
2047 1336 2214 1407 dicta
2268 1350 2431 1406 terra
2471 1358 2546 1407 ex
2598 1335 2949 1407 trescentis
2985 1338 3062 1406 ad

819 1473 1184 1521 mensuram
1228 1452 1308 1521 de
1369 1449 1681 1521 Checiaco
1721 1465 1867 1541 post
1924 1472 2175 1521 messes
2226 1449 2385 1519 infra
2445 1453 2675 1521 festum
2725 1452 2904 1520 beati
2959 1453 3073 1523 Re-

816 1563 991 1654 migii
1034 1565 1099 1633 in
1139 1564 1346 1656 capite
1388 1564 1670 1636 octobris
1700 1568 1768 1635 in
1796 1564 2097 1656 granchia
2122 1565 2410 1656 ipsorum
2437 1564 2661 1636 decani
2686 1577 2750 1635 et
2774 1566 3073 1655 capituli.

822 1680 1139 1749 Defuncto
1196 1701 1349 1750 vero
1408 1680 1582 1751 dicto
1639 1679 2123 1763 archidiacono,
2183 1681 2357 1770 prior
2432 1681 2512 1749 de
2588 1677 2962 1750 Donesiaco
3016 1692 3077 1750 et

825 1790 1315 1863 archidiaconus
1374 1791 1860 1864 Pithiveriensis
1897 1808 1963 1864 et
2000 1815 2222 1864 eorum
2270 1815 2686 1864 successores
2739 1792 2803 1862 in
2849 1806 3080 1884 poste-

826 1929 967 1975 rum
999 1906 1240 1977 dictum
1274 1906 1560 1978 modium
1595 1906 1869 1998 siliginis
1912 1910 2235 1998 equaliter
2273 1906 2557 1978 dividant
2604 1920 2669 1978 et
2715 1906 3079 1998 percipiant

822 2032 1112 2111 tempore
1151 2035 1214 2091 et
1275 2023 1418 2092 loco
1486 2023 1796 2113 predictis
1860 2033 1924 2091 et
1975 2023 2055 2092 ad
2104 2043 2472 2093 mensuram
2526 2034 2957 2113 prenotatam,
3017 2033 3080 2091 et

820 2132 1153 2204 sciendum
1184 2137 1355 2225 quod
1380 2157 1492 2225 per
1520 2135 1882 2226 hujusmodi
1912 2133 2457 2227 composicionem
2494 2134 2998 2206 archidiaconus
3018 2148 3080 2205 et

822 2249 996 2340 prior
1057 2247 1324 2338 predicti
1392 2247 1797 2340 quitaverunt
1863 2249 2183 2342 predictos
2238 2252 2531 2321 Odonem
2591 2263 2654 2321 et
2710 2250 3079 2321 Johannem

823 2366 900 2434 de
919 2364 1220 2433 omnibus
1252 2362 1549 2454 expensis
1587 2376 1650 2434 et
1689 2365 1987 2456 dampnis
2020 2363 2201 2436 factis
2228 2362 2593 2435 ethabitisa
2629 2363 2944 2455 predictis
2977 2385 3079 2434 ar-

822 2477 1209 2549 chidiacono
1239 2491 1304 2548 et
1366 2476 1575 2570 priore
1615 2476 1958 2551 occasione
2006 2478 2175 2550 dicte
2223 2477 2679 2550 contentionis.
2714 2483 2960 2550 Datum
2999 2481 3076 2548 ad

828 2590 1212 2683 peticionem
1249 2592 1403 2662 dicti
1445 2590 1879 2663 archidiaconi
1918 2603 1981 2665 et
2022 2591 2277 2683 prioris,
2330 2615 2500 2664 anno
2537 2591 2795 2663 Domini
2864 2594 3069 2663 MCCL

824 2734 1021 2798 nono,
1059 2712 1162 2785 die
1201 2713 1501 2787 mercurii
1535 2728 1683 2807 post
1716 2713 1935 2787 Ramis
1975 2716 2353 2806 palmarum,
2398 2735 2621 2785 mense
2664 2715 2940 2785 marcio.

1836 3078 2058 3142 CCClX

1728 3382 1992 3447 Fevrier
2031 3381 2188 3446 1261

1028 3629 1152 3684 Don
1174 3629 1243 3686 de
1270 3629 1394 3685 bois
1422 3647 1526 3702 par
1552 3629 1804 3703 Fereque
1843 3647 1916 3686 au
1944 3631 2195 3703 chapitre
2222 3647 2365 3704 pour
2393 3631 2447 3687 la
2474 3631 2853 3687 construction

1418 3726 1488 3782 de
1530 3727 1584 3782 la
1631 3743 1840 3799 grange
1882 3727 1959 3783 du
1997 3727 2462 3785 Mesnil-Girault.

1319 3874 1498 3947 (Orig.
1530 3892 1575 3932 s.
1616 3876 1805 3947 parch.
1838 3875 2008 3931 Arch.
2041 3877 2165 3931 Nat.
2192 3876 2242 3932 J.
2271 3876 2413 3932 170:
2452 3876 2567 3944 17.)

927 3993 1118 4064 (Publ.
1152 3996 1213 4051 E.
1247 3997 1469 4067 Berger‚
1516 3996 1780 4068 Layettes
1802 3995 1880 4051 du
1924 3997 2127 4054 Tresor
2162 3997 2263 4055 des
2293 3997 2555 4063 Chai-tes,
2586 4002 2629 4052 t.
2660 3996 2751 4066 lV,
2790 4012 2845 4067 p.
2874 3996 2961 4066 6.)

911 4212 1228 4285 Omnibus
1265 4228 1599 4306 presentes
1638 4217 1885 4287 litteras
1924 4214 2310 4307 inspecturis
2357 4217 2763 4310 R[obertus]‚
2804 4214 3067 4286 misera-

821 4327 1008 4398 cione
1064 4326 1275 4398 divina
1332 4329 1807 4400 Aurelianensis
1868 4328 2236 4421 episcopuS‚
2317 4333 2586 4402 salutem
2648 4332 2713 4399 in
2756 4328 3060 4400 Dcmino.

818 4441 1124 4513 Noverint
1163 4443 1436 4514 universi
1464 4446 1635 4534 quod
1663 4467 1807 4526 noS‚
1846 4446 1926 4515 de
1958 4447 2278 4517 voluntate
2312 4460 2374 4517 et
2418 4444 2628 4537 gracia
2665 4446 3065 4515 excellentis-

819 4555 965 4626 simi
1004 4556 1242 4626 domini
1271 4557 1648 4651 LludoviciJ,
1690 4557 1808 4629 Dei
1848 4562 2052 4650 gratia
2100 4561 2271 4652 regis
2319 4563 2704 4631 Francorum
2762 4561 3057 4645 illustris,

822 4672 902 4742 de
955 4670 1329 4745 nemoribus
1368 4671 1607 4744 nostris
1658 4671 1955 4745 dedimus
2018 4674 2295 4749 ecclesie
2353 4686 2573 4747 nostre
2619 4674 3062 4747 Aurelianensi
