3485 5571
1934 640 2291 706 -428—

988 767 1263 840 ecclesie
1312 770 1717 861 perciperent
1778 768 1834 842 si
1890 792 2002 842 eas
2051 769 2194 841 laici
2250 792 2376 841 non
2434 770 2776 850 haberent,
2837 767 3086 860 possint
3116 790 3206 839 eas

985 882 1370 974 relinquere,
1405 887 1555 957 dare
1602 898 1667 955 et
1704 884 1830 956 alio
1869 908 2280 976 quocumque
2327 887 2504 975 justo
2540 897 2605 954 et
2672 884 2848 954 licito
2889 886 3077 955 modo
3120 904 3207 954 ec-

987 998 1208 1069 clesiis
1248 1002 1605 1070 concedere
1646 1001 1960 1071 tenendas
2000 1001 2066 1069 in
2099 1012 2505 1090 perpetuum,
2564 1013 2790 1070 nostro
2835 1000 2930 1069 vel
2972 1020 3209 1069 succes·

987 1134 1201 1183 sorum
1244 1126 1609 1184 nostrorum
1648 1136 1919 1185 assensu
1961 1113 2224 1184 minime
2273 1111 2605 1203 requisito,
2671 1111 2758 1182 ita
2819 1111 3012 1184 etiam
3062 1113 3209 1202 quod

988 1240 1212 1297 contra
1265 1231 1388 1299 boc
1435 1230 1707 1299 heredes
1748 1251 1861 1300 seu
1904 1249 2321 1299 successores
2361 1228 2566 1297 nostri
2600 1229 2966 1298 nullatenus
3004 1249 3075 1297 se
3109 1248 3209 1316 op·

990 1362 1226 1431 ponere
1258 1344 1506 1413 valeant
1540 1355 1645 1412 aut
1677 1344 2046 1433 hujusmodi
2071 1343 2562 1412 concessionem
2596 1356 2884 1413 nostram
2924 1340 3208 1430 deinceps

987 1453 1389 1545 aliquatenus
1424 1455 1761 1547 impedire.
1808 1458 1991 1543 Quod
2036 1469 2103 1526 ut
2136 1469 2371 1541 ratum,
2410 1469 2580 1526 etc...
2642 1460 2867 1527 Actum
2911 1453 3205 1537 Parisios,

987 1568 1437 1669 anno-Domini
1472 1569 1813 1640 millesimo
1852 1569 2299 1642 ducentesimo
2339 1567 2738 1661 sexagesimo
2774 1591 2974 1653 nono,
3014 1591 3208 1640 mense

988 1673 1240 1729 martio.

1076 1802 1235 1869 Data
1274 1811 1487 1870 autem
1542 1798 1809 1872 visionis
1854 1799 2139 1892 predicte
2179 1822 2348 1871 anno
2395 1798 2652 1871 Domini
2702 1799 2901 1882 1270,
2943 1798 3049 1869 die
3083 1801 3209 1868 lune

993 1924 1138 2003 post
1193 1913 1650 1984 Asceusionem
1705 1914 1988 1999 Domini,
2065 1913 2129 1983 in
2192 1915 2373 2005 cujus
2448 1911 2715 1984 visionis
2790 1912 3201 1984 testimonium

988 2038 1280 2097 nostrum
1320 2027 1728 2117 presentibus
1789 2026 2020 2100 litteris
2059 2027 2354 2099 duximus
2392 2029 2873 2120 apponendum.

1980 2321 2233 2383 CCCXX

1863 2596 1942 2659 30
1981 2596 2132 2677 Juin
2186 2594 2339 2659 1270

989 2798 1262 2855 Sentence
1287 2799 1548 2856 arbitrale
1578 2801 1911 2856 confirmant
1939 2817 2010 2856 au
2041 2800 2290 2872 chapitre
2314 2803 2368 2858 la
2397 2802 2720 2874 possession
2752 2800 2822 2856 de
2851 2800 2982 2855 trois
3008 2802 3206 2870 arpents

1056 2897 1126 2950 de
1155 2902 1305 2951 terre
1348 2898 1623 2968 auxquels
1671 2897 1986 2970 pretendait
2024 2898 2274 2953 Thomas
2321 2898 2389 2952 de
2440 2899 2493 2953 la
2525 2899 2734 2966 Ronce,
2769 2903 2825 2952 et
2867 2896 3206 2952 condamnant

1057 3009 1122 3047 ce
1148 2992 1376 3049 dernier
1405 2995 1435 3047 a
1466 2993 1534 3046 40
1585 3010 1718 3049 sous
1766 2995 1967 3065 parisis
2015 2995 2379 3050 d’indemnite
2408 2999 2464 3049 et
2491 2995 2523 3049 a
2560 3011 2621 3049 se
2663 2994 2809 3049 faire
2847 2990 3109 3049 absoudre
3147 2989 3202 3043 de

1054 3074 1638 3145 l’excommunication
1669 3090 1988 3162 prononcee
2017 3091 2048 3144 a
2073 3091 2124 3145 la
2148 3092 2380 3163 requete
2412 3090 2488 3145 du
2518 3090 2787 3161 chapitre.

1445 3237 1631 3309 (Orig.
1665 3256 1710 3292 s,
1748 3239 1939 3310 purch.
1972 3238 2140 3294 Arch.
2175 3238 2251 3294 du
2282 3237 2485 3307 Lon-et,
2518 3238 2583 3294 G.
2616 3236 2769 3306 484.)

1074 3403 1398 3476 Universis
1436 3419 1773 3495 presentes
1820 3408 2062 3478 litteras
2128 3405 2514 3498 inspecturis
2575 3409 2865 3478 Matheus
2919 3408 2994 3476 de
3056 3407 3198 3493 Mag·

988 3520 1187 3604 duno,
1237 3520 1574 3611 presbiter,
1631 3534 1696 3591 et
1736 3523 2041 3612 magister
2101 3520 2477 3592 Guillelmus
2523 3521 2603 3591 de
2635 3519 2882 3604 Bolaio,
2934 3514 3192 3590 canonici

984 3636 1499 3723 AurelianenseS,
1543 3638 1815 3707 salutem
1857 3638 1921 3706 in
1951 3637 2252 3709 Domino.
2325 3634 2636 3708 Noveritis
2675 3638 2849 3726 quod
2889 3635 3191 3706 cumeo-

985 3771 1125 3820 mas
1156 3751 1234 3820 de
1272 3749 1535 3834 Roneia,
1568 3750 1867 3841 armiger,
1913 3753 1992 3822 de
2030 3751 2443 3823 contentione
2469 3773 2584 3821 seu
2634 3748 3053 3821 controversia
3083 3767 3195 3836 que

988 3866 1362 3934 movebatur
1399 3864 1563 3936 inter
1601 3864 1840 3955 ipsum,
1882 3887 1958 3936 ex
1991 3889 2111 3937 una
2148 3880 2351 3957 parte,
2387 3879 2452 3937 et
2481 3865 2647 3936 inter
2691 3888 2838 3947 nos,
2894 3886 2966 3935 ex
2999 3864 3194 3943 altera,

992 4002 1185 4071 super
1251 3983 1460 4052 tribus
1538 3983 1819 4073 arpentis
1875 3993 2039 4053 terre
2113 3981 2371 4054 arabilis
2426 3985 2524 4054 vel
2569 3982 2825 4054 circiter
2877 4003 2996 4073 que
3046 3978 3194 4047 idem

987 4097 1264 4164 Thomas
1303 4095 1443 4165 sine
1469 4118 1740 4166 assensu
1771 4109 1836 4167 et
1866 4098 2190 4167 voluntate
2230 4095 2381 4167 dicti
2436 4095 2696 4186 capituli
2764 4095 3082 4167 tradiderat
3125 4092 3193 4159 ad

985 4232 1202 4280 carum
1232 4231 1498 4280 censum
1532 4213 1652 4280 sub
1677 4233 1887 4281 annua
1915 4210 2224 4301 pensione
2255 4209 2470 4301 vingiti
2515 4213 2661 4302 (sic)
2694 4208 3026 4281 solidorum
3052 4209 3195 4274 Gue-

985 4325 1124 4396 rino
1159 4324 1493 4415 Bauguier‚
1553 4326 1953 4417 Laur[entio]
2009 4328 2260 4397 Salome
2303 4339 2364 4397 et
2405 4324 2680 4397 Guilloto
2705 4323 2995 4406 Nathalis,
3035 4321 3188 4408 quod

985 4462 1113 4510 non
1158 4451 1402 4531 poterat
1444 4443 1649 4511 facere
1703 4462 1824 4510 nec
1886 4442 2183 4521 debebat,
2250 4443 2374 4510 alte
2421 4454 2484 4512 et
2524 4443 2714 4511 basse
2767 4442 2831 4509 in
2892 4459 2998 4507 nos
3040 4436 3185 4502 duos

985 4556 1502 4644 compromiserit
1530 4577 1647 4626 seu
1679 4556 2220 4645 compromissum
2273 4554 2489 4626 lecerit
2528 4577 2642 4644 per
2676 4556 2863 4626 fidem
2915 4570 3093 4628 suam,
3125 4558 3181 4614 et

983 4669 1290 4743 voluntati
1323 4668 1457 4743 sive
1493 4668 1755 4742 arbitrio
1790 4684 2013 4742 nostro
2045 4672 2328 4743 totaliter
2364 4692 2436 4743 se
2488 4668 2880 4754 submiserit,
2926 4680 2983 4739 et
3013 4659 3174 4734 etiam
