3485 5571
1356 635 1715 699 ...491-

381 787 521 858 que
556 767 644 835 du
701 763 792 835 dit
833 777 897 835 et
944 766 1311 835 ordenance
1374 766 1605 834 dessus
1658 762 1759 833 diz
1808 766 1979 835 l'une
2020 762 2219 855 partie
2270 766 2587 836 donne⁶⁶⁰
2625 788 2661 836 a

380 881 629 952 l’autre
667 900 773 950 ses
802 881 1022 950 lettres
1053 880 1343 970 pendanz
1395 891 1615 968 etque
1647 876 1687 948 il
1730 876 1855 949 soit
1893 877 2249 970 enregistre
2275 901 2358 950 en
2391 881 2449 950 la
2478 894 2664 952 court

383 997 449 1064 le
479 1017 605 1085 roy
642 1016 724 1064 ou
764 995 1092 1064 conferme
1132 994 1218 1063 du
1248 1015 1381 1083 roy.
1427 994 1659 1082 Lequel
1701 991 1794 1062 dit
1833 1006 1898 1064 et
1926 994 2294 1066 ordenance
2319 994 2374 1064 si
2400 1017 2654 1065 comme

383 1108 434 1177 il
458 1123 571 1179 est
610 1110 842 1178 dessus
868 1105 960 1177 dit
984 1121 1047 1178 et
1086 1104 1304 1177 devise
1320 1107 1387 1162 W!
1411 1106 1750 1189 voudrent,
1774 1108 2066 1178 louerent
2088 1118 2206 1190 Μ,
2234 1123 2663 1199 aprouverent

385 1234 454 1294 et
494 1224 991 1314 emologuerent
1031 1233 1515 1311 expressement
1542 1218 1808 1293 lesdites
1847 1219 2112 1312 parties.
2145 1224 2219 1292 Et
2246 1223 2661 1312 promistrent

385 1359 528 1428 que
585 1339 628 1406 il
683 1338 779 1407 les
827 1333 1262 1427 garderoient‚
1319 1332 1684 1406 tendroient
1730 1348 1796 1405 et
1861 1333 2353 1426 acompliroient
2411 1350 2477 1407 et
2533 1360 2659 1427 que

386 1462 717 1523 encontre
755 1472 835 1521 ne
892 1447 1277 1521 vendroient
1328 1470 1441 1540 par
1499 1470 1752 1519 aucune
1812 1470 2008 1519 cause
2045 1471 2129 1519 ou
2192 1448 2436 1520 raison¹
2476 1504 2492 1520 .
2561 1453 2660 1522 Ou

386 1562 726 1655 tesmoing
766 1565 846 1634 de
884 1565 1133 1653 laquele
1174 1564 1374 1632 chose
1405 1560 1516 1652 j'ai
1558 1563 1735 1633 seele
1773 1575 1988 1633 cestes
2040 1576 2379 1652 presentes
2437 1565 2658 1635 lettres

387 1680 476 1751 de
518 1700 675 1749 mon
716 1699 950 1770 propre
988 1679 1155 1748 seel.
1217 1678 1302 1747 Ce
1357 1678 1447 1746 fut
1487 1676 1599 1746 fait
1669 1688 1732 1746 et
1795 1677 2012 1746 donne
2045 1677 2126 1747 de
2164 1676 2654 1749 l'assentement

389 1794 516 1865 des
554 1791 723 1867 dites
753 1792 990 1883 parties
1032 1791 1156 1861 l’an
1199 1792 1278 1861 de
1308 1812 1498 1881 grace
1535 1792 1691 1860 MCC
1732 1803 1959 1880 quatre
1998 1792 2187 1882 vingz
2213 1803 2278 1862 et
2338 1814 2525 1883 onze,
2599 1795 2658 1863 le

388 1907 736 1998 merquedi
771 1907 958 1997 apres
992 1907 1049 1976 la
1090 1907 1251 1975 leste
1292 1901 1470 1975 Saint
1510 1906 1785 1974 Mathieu
1834 1917 2117 1995 apostre.

484 2025 620 2092 Nos
698 2041 847 2091 vero
926 2022 1006 2090 de
1066 2020 1373 2089 omnibus
1435 2030 1500 2089 et
1574 2016 1849 2109 singulis
1913 2018 2250 2110 premissis
2320 2018 2662 2111 diligenter

384 2133 640 2206 auditis
677 2145 744 2204 et
771 2130 1143 2214 intellectis,
1187 2130 1666 2204 deliberacione
1708 2131 2039 2223 prehabita
2077 2130 2393 2224 diligenti,
2439 2133 2656 2206 omnia

387 2261 459 2320 et
498 2246 753 2338 singula
793 2243 1107 2337 premissa
1147 2228 1466 2331 volumus‘,
1512 2246 1848 2316 laudamus
1865 2267 1941 2316 ac
1964 2244 2158 2317 etiam
2192 2248 2651 2337 approbamus,

388 2358 851 2455 promittentes
875 2357 1087 2429 omnia
1114 2370 1332 2430 tenere
1362 2370 1427 2430 et
1447 2381 1702 2430 servare
1730 2358 2178 2431 inviolabiliter
2198 2373 2262 2431 et
2281 2373 2504 2431 contra
2527 2384 2654 2432 non

389 2472 648 2558 venire,
691 2488 754 2545 et
790 2475 871 2544 ad
911 2477 1033 2544 hoc
1061 2495 1206 2555 nos,
1225 2476 1500 2545 heredes
1525 2485 1590 2544 et
1620 2495 2039 2546 successores
2068 2487 2325 2545 nostros
2349 2487 2414 2546 et
2440 2473 2655 2546 omnia

389 2592 571 2661 bona
607 2601 851 2672 nostra,
902 2589 1213 2659 heredum
1257 2601 1322 2659 et
1360 2609 1820 2660 successorum
1860 2600 2224 2660 nostrorum
2261 2587 2650 2680 obligamus.

389 2707 464 2775 ln
508 2703 697 2795 cujus
745 2702 840 2773 rei
892 2699 1331 2772 testimonium
1373 2716 1708 2794 presentes
1747 2700 1994 2774 litteras
2047 2702 2238 2774 dictis
2287 2705 2534 2774 decano
2590 2714 2657 2774 et

393 2816 686 2911 capitulo
724 2814 936 2908 sigillo
967 2829 1189 2888 nostro
1224 2818 1522 2889 dedimus
1551 2815 1884 2908 sigillatas.
1913 2821 2142 2888 Datum
2183 2839 2354 2889 anno
2391 2815 2652 2889 Domini

392 2934 560 3003 MCC
592 2928 1014 3021 nonagesimo
1048 2929 1277 3021 primo.

458 4373 571 4434 eea)
599 4371 773 4422 doint.
808 4395 871 4410 -·
897 4371 985 4437 {m
1013 4369 1242 4423 devisis.
1278 4397 1342 4411 —
1367 4373 1495 4437 999)
1520 4371 1787 4431 voldrent,
1812 4372 2040 4424 leet-ent.

470 4658 491 4694 ¹
530 4655 609 4713 Ici
625 4656 748 4713 finit
775 4656 830 4713 le
855 4661 1006 4714 texte
1034 4656 1104 4714 de
1132 4657 1187 4714 la
1215 4658 1304 4715 ch.
1331 4657 1605 4714 GCCLXI.
