3485 5571
1324 671 1686 736 -195—

1428 1022 1606 1084 CXlll
1642 1059 1653 1069 -

1200 1298 1403 1374 Pari3‚
1429 1296 1670 1362 fevrier
1697 1296 1853 1362 1195

365 1527 916 1600 Philippo-Auguste
953 1526 1112 1600 place
1139 1526 1274 1582 hors
1303 1525 1373 1581 de
1403 1526 1459 1582 la
1487 1541 1790 1581 commune
1820 1524 2140 1597 d’Etampes
2169 1525 2254 1582 les
2281 1526 2540 1585 hommes
2567 1528 2638 1584 de

934 1641 1099 1698 corps
1123 1630 1177 1681 et
1206 1626 1260 1680 le
1289 1624 1551 1680 domaine
1580 1623 1651 1679 de
1680 1622 2090 1680 Sainte-Croix.

371 1772 543 1841 (Bibl.
577 1772 712 1831 Nat.
758 1773 899 1829 Goll.
952 1774 1182 1830 Moreau
1228 1773 1334 1829 96:
1377 1772 1487 1841 803
1536 1772 1759 1845 d’apres
1809 1771 2087 1843 l’original
2126 1789 2234 1832 aux
2281 1773 2535 1829 archives
2571 1773 2642 1829 de

1302 1868 1748 1942 Sainte-Croix).

467 2085 832 2179 Philippus,
893 2086 1009 2158 Dei
1055 2086 1256 2178 gratia
1296 2089 1680 2158 Francorum
1733 2109 1864 2158 rex.
1892 2085 2192 2158 Noverint
2235 2084 2515 2158 universi
2552 2089 2633 2158 ad

388 2223 561 2290 quos
605 2199 816 2273 littere
846 2214 1184 2294 presentes
1216 2200 1625 2294 pervenerint
1664 2203 1836 2292 quod
1886 2224 2008 2272 nos
2047 2203 2341 2272 volumus
2380 2213 2444 2271 et
2483 2200 2653 2271 inhi-

376 2316 616 2385 bemus
658 2337 739 2387 ne
772 2314 1068 2387 homines
1124 2317 1205 2388 de
1234 2338 1504 2408 corpore
1532 2314 1809 2387 ecclesie
1845 2319 2079 2386 Sancte
2106 2313 2329 2386 Crucis
2359 2317 2644 2386 Aurelia-

378 2428 610 2500 nensis
642 2428 772 2499 sint
800 2431 880 2501 de
926 2419 1296 2501 communia
1330 2429 1722 2522 Stampensi‚
1778 2443 1841 2501 et
1867 2431 2157 2501 volumus
2193 2441 2260 2498 ut
2306 2441 2436 2499 tota
2479 2441 2642 2499 terra

378 2543 681 2632 ejusdem
711 2539 992 2614 ecclesie
1031 2543 1114 2613 sit
1150 2556 1323 2613 extra
1350 2543 1658 2635 prefatam
1699 2539 2132 2614 communiam
2162 2544 2639 2631 Stampensem.

382 2658 568 2740 Quod
622 2669 692 2725 ut
730 2671 1108 2748 perpetuum
1149 2671 1213 2728 et
1254 2659 1718 2728 inconcussum
1792 2658 1989 2727 robur
2062 2654 2373 2739 obtineat,
2440 2651 2632 2745 sigilli

295 2839 299 2843 ,
383 2769 593 2842 nostri
635 2774 1016 2845 auctoritate
1049 2787 1417 2864 presentem
1461 2770 1753 2865 paginam
1796 2770 2205 2865 precepimus
2240 2770 2629 2842 confirmari.

382 2890 619 2957 Actum
662 2884 964 2973 Parisius,
1025 2909 1195 2958 anno
1234 2890 1314 2957 ab
1364 2886 1808 2959 incarnatione
1853 2885 2114 2957 Domini
2171 2888 2641 2970 MCLXXXX1V‚

383 3022 616 3072 mense
657 3001 987 3075 lebruarii.

1428 3364 1607 3425 CXIV

1430 3637 1585 3701 1195

383 3865 741 3939 Application
785 3865 819 3921 a
857 3864 1268 3921 l’anniversaire
1316 3864 1561 3921 d’Eudes
1608 3864 1678 3919 de
1727 3863 2036 3921 Chanteleu
2086 3865 2186 3922 des
2217 3865 2402 3938 loyers
2446 3866 2515 3923 de
2543 3882 2634 3923 ses

1206 3961 1453 4016 maisons
1481 3959 1827 4019 claustrales.

1007 4106 1185 4179 (σῆς.
1215 4107 1388 4164 Aron.
1423 4104 1501 4161 ctu
1529 4106 1738 4173 Loiret,
1764 4106 1832 4163 o.
1864 4105 2014 4175 268).

474 4330 708 4425 H[ugo]
777 4329 1063 4399 decanus
1122 4330 1356 4397 Sancte
1416 4323 1636 4397 Crucis
1695 4339 1762 4396 et
1833 4324 2202 4397 universum
2286 4325 2636 4417 capitulum

394 4443 694 4515 omnibus
724 4441 790 4512 in
821 4454 1228 4534 perpetuum.
1275 4443 1353 4511 Ut
1390 4437 1455 4509 in
1495 4440 1737 4510 nostris
1777 4451 1957 4529 gesta
1999 4440 2396 4530 temporibus
2447 4439 2642 4509 robur

403 4572 704 4651 perpetue
742 4554 1110 4628 stabilitatis
1157 4552 1495 4626 obtineant
1528 4566 1593 4624 et
1634 4550 2009 4624 memoriam
2056 4551 2388 4622 nosciture
2428 4565 2641 4642 poste-

401 4669 596 4744 ritatis
635 4668 976 4763 attingant,
1028 4666 1301 4741 consilio
1328 4667 1653 4760 provisum
1692 4680 1795 4737 est
1827 4688 1930 4738 res
1958 4665 2400 4757 sollempniter
2431 4679 2651 4756 gestas
