3485 5571
1730 676 2090 739 —336—

1765 978 2047 1041 CCXLIII

1625 1224 1986 1288 Decembre
2030 1223 2186 1287 1236

792 1451 1147 1522 Assignation
1170 1467 1272 1524 par
1294 1452 1475 1509 l’abbe
1506 1458 1561 1508 et
1585 1452 1638 1508 le
1658 1457 1900 1508 convent
1926 1452 1996 1508 de
2025 1452 2480 1520 Saint-Euverte,
2509 1468 2609 1508 sur
2633 1454 2715 1507 les
2742 1451 2941 1523 vignes
2963 1450 3038 1506 du

862 1549 1109 1620 pressoir
1144 1549 1312 1604 Tiaut
1338 1550 1411 1618 (2²)
1441 1549 1510 1603 de
1538 1550 1574 1603 4
1604 1565 1740 1605 sous
1769 1549 1974 1621 parisis
2001 1565 2103 1621 par
2131 1565 2202 1604 an
2253 1565 2400 1621 pour
2446 1549 2517 1605 32
2565 1549 2790 1621 deniers
2836 1547 3039 1619 parisis

859 1646 1027 1717 qu’ils
1073 1645 1333 1717 payaient
1364 1650 1719 1717 *anparavant
1774 1663 1882 1701 aux
1937 1645 2260 1718 chapelains
2310 1645 2381 1701 de
2427 1644 3040 1701 sainte-Marie-Made-

858 1743 1024 1798 leine.

789 1862 979 1936 (Copie
1003 1864 1376 1922 collationnee
1406 1881 1505 1921 sur
1532 1866 1726 1937 parch.
1764 1866 1931 1934 (X1V0
1959 1865 2170 1933 siecle).
2203 1864 2377 1922 Arch.
2426 1864 2503 1919 du
2533 1864 2742 1932 Loiret,
2774 1864 2843 1920 G.
2879 1862 3039 1935 427.)

878 2056 1255 2129 Guillelmus
1306 2060 1505 2129 abbas
1541 2068 1844 2148 totusque
1887 2071 2244 2129 conventus
2274 2056 2490 2128 Sancti
2541 2055 2788 2127 Evurcii
2843 2062 3041 2127 Aure-

790 2171 1125 2256 lianensiS‚
1165 2172 1467 2243 omnibus
1512 2185 1847 2263 presentes
1905 2170 2147 2243 litteras
2199 2170 2588 2263 inspecturis
2639 2173 2916 2241 salutem
2979 2172 3039 2239 in

785 2285 1084 2357 Domino.
1128 2285 1428 2358 Noverint
1468 2284 1746 2357 universi
1777 2288 1949 2378 quod
1997 2309 2147 2357 cum
2204 2307 2324 2356 nos
2364 2287 2475 2355 diu
2544 2287 2817 2355 reddere
2886 2307 3043 2356 con-

790 2399 1226 2471 suevissemus
1266 2399 1535 2490 singulis
1574 2402 1765 2470 annis
1796 2414 1973 2470 certo
2003 2399 2129 2481 die,
2175 2397 2238 2468 in
2273 2403 2438 2471 festo
2468 2399 2774 2469 videlicet
2803 2403 3040 2469 Sancte

790 2512 1011 2584 Crucis
1048 2512 1112 2582 in
1147 2536 1355 2605 mayo,
1384 2512 1641 2604 triginta
1671 2528 1734 2584 et
1793 2515 1956 2584 duos
1994 2512 2292 2583 denarios
2330 2510 2780 2604 parisiensium
2830 2513 3040 2603 capel-

788 2625 951 2697 lanis
1011 2626 1224 2697 altaris
1291 2643 1512 2698 sancte
1580 2627 1774 2698 Marie
1848 2630 2212 2718 Magdalene
2296 2625 2359 2697 in
2444 2626 2722 2697 ecclesia
2807 2630 3040 2696 Sancte

789 2739 1011 2814 Crucis
1113 2742 1587 2814 Aurelianensis
1675 2741 1812 2829 siti,
1921 2755 1986 2813 et
2067 2740 2333 2835 predicti
2420 2742 2736 2833 capellani
2826 2740 3035 2812 dictos

787 2855 1085 2927 denarios
1164 2870 1451 2947 peterent
1523 2870 1827 2947 tanquam
1921 2859 2283 2940 censualeS‚
2376 2856 2562 2927 nobis
2603 2917 2608 2922 ,
2652 2878 2849 2948 super
2920 2857 3042 2925 hoc

788 2969 896 3040 diu
954 2985 1176 3042 contra
1245 2970 1452 3042 dictos
1527 2973 1897 3062 capeitanus
1974 2968 2582 3056 contendentibus„
2622 2973 2884 3040 tandem
2962 2972 3040 3040 de

789 3087 1103 3154 bonorum
1142 3083 1418 3154 virorum
1451 3083 1746 3169 consilio,
1798 3087 2123 3156 voluntate
2188 3097 2255 3155 et
2311 3106 2610 3168 assensu,
2674 3086 2798 3153 fuit
2875 3082 3039 3154 inter

790 3220 910 3268 nos
948 3200 1310 3269 ordinatum
1347 3213 1411 3269 et
1451 3197 1883 3291 compositum
1923 3202 2095 3290 quod
2132 3221 2246 3290 pro
2287 3202 2458 3269 bono
2498 3197 2675 3289 pacis
2723 3196 3040 3289 predictis

789 3310 1135 3403 capellanis
1174 3335 1524 3403 eorumque
1581 3313 2070 3385 successoribus
2121 3316 2468 3384 reddemus
2530 3311 2595 3382 in
2658 3326 3041 3404 perpetuum

790 3450 906 3519 pro
963 3425 1221 3518 triginta
1273 3430 1528 3499 duobus
1584 3427 1869 3498 denariis
1933 3443 2207 3517 quatuor
2266 3428 2511 3499 solidos
2582 3425 3038 3517 parisiensium

787 3541 1116 3612 annuatim
1155 3540 1219 3610 in
1260 3544 1424 3611 testo
1463 3544 1696 3612 Sancte
1732 3539 1952 3612 Crucis
2004 3539 2069 3610 in
2110 3543 2280 3612 maio
2347 3562 2543 3632 super
2593 3537 2817 3610 vineas
2867 3541 3035 3631 apud

789 3653 1182 3745 pressorium
1219 3655 1403 3726 Tiaut
1440 3655 1522 3746 (2²)
1559 3657 1949 3747 assignatos,
1992 3653 2078 3725 ita
2117 3669 2329 3726 tamen
2369 3656 2542 3746 quod
2595 3676 2714 3724 nec
2770 3651 3039 3745 predicti

790 3768 1099 3861 capellani
1138 3792 1258 3840 nec
1297 3792 1519 3840 eorum
1574 3792 1990 3840 successores
2040 3792 2076 3839 a
2144 3771 2331 3840 nobis
2385 3766 2730 3840 occasione
2772 3766 3037 3858 triginta

712 3931 715 3936 -
788 3886 1061 3954 duorum
1087 3883 1491 3955 denariorum
1518 3882 1758 3976 aliquid
1782 3883 1958 3955 aliud
1992 3897 2291 3975 poterunt
2312 3898 2627 3975 repetere,
2655 3904 2777 3953 nec
2795 3885 3039 3954 releva-

789 3998 1012 4070 ciones
1089 4021 1212 4070 nec
1275 4000 1690 4071 redevencias
1747 3998 1992 4090 aliquas
2052 3997 2175 4070 nisi
2239 4000 2684 4071 tantummodo
2766 4010 3040 4089 quatuor

790 4111 1033 4184 solidos
1096 4128 1510 4201 memoratos,
1610 4127 1823 4205 preter
1881 4115 2218 4184 emendam
2281 4111 2336 4184 si
2398 4134 2514 4204 per
2562 4111 3037 4204 negligenciam

789 4249 1011 4298 eorum
1067 4231 1303 4320 prefixo
1349 4227 1627 4299 termino
1693 4251 1820 4300 non
1894 4229 2241 4300 reddentur
2305 4225 2611 4319 predictis
2680 4222 3036 4318 capellanis

789 4343 1698 4432 eorumque·successoribus,
1755 4365 1879 4432 que
1942 4365 2258 4420 summam
2322 4341 2605 4433 quinque
2682 4339 3034 4412 solidorum

790 4455 1240 4546 parisiensium
1279 4479 1410 4526 non
1450 4458 1736 4527 excedet.
1781 4460 1850 4527 ln
1892 4459 2078 4547 cujus
2111 4454 2202 4526 rei
2243 4458 2433 4526 fidem
2471 4468 2535 4526 et
2587 4453 3034 4526 testimonium

792 4568 1197 4660 presentibus
1235 4569 1462 4642 litteris
1502 4568 1707 4661 sigilla
1749 4585 1964 4642 nostra
2008 4569 2303 4641 duximus
2342 4571 2750 4662 apponenda.
2803 4573 3034 4639 Actum

790 4704 958 4754 anno
997 4682 1250 4755 Domini
1294 4683 1635 4755 millesimo
1669 4686 1766 4755 CC
1804 4683 2136 4756 tricesimo
2177 4697 2383 4770 sexto,
2417 4705 2641 4756 mense
2662 4682 3029 4756 decembri.
