3485 5571
1636 632 1997 695 -212—

1718 1017 1936 1076 CXXX

1533 1315 1922 1397 Septembre
1947 1314 2097 1379 1201

930 1571 1185 1643 Hugues‚
1220 1570 1436 1642 evaque
1468 1568 1788 1636 d'OrleanS,
1819 1571 2010 1628 donne
2037 1584 2111 1626 au
2140 1570 2392 1642 chapitre
2419 1571 2474 1626 la
2504 1569 2704 1626 riviere

1066 1667 1136 1724 de
1167 1665 1734 1735 Pithiviersde-Vieil,
1768 1667 1802 1722 a
1830 1666 2099 1739 posseder
2120 1666 2282 1740 apres
2311 1683 2375 1723 sa
2396 1673 2564 1723 mort.

870 1814 1047 1886 (Orig.
1079 1831 1126 1870 s.
1154 1814 1343 1882 parch.
1370 1814 1542 1869 Arcb.
1574 1813 1650 1870 du
1679 1814 1891 1884 Loiret,
1923 1814 1990 1870 G.
2022 1814 2148 1870 377.
2178 1846 2244 1855 —
2274 1815 2447 1887 Copie
2476 1815 2603 1872 Bib.
2630 1817 2758 1872 Nat.

902 1910 1045 1968 Coll.
1079 1911 1311 1966 Moreau
1339 1910 1473 1967 CII:
1505 1909 1633 1974 103,
1662 1910 1885 1981 d'apres
1912 1910 1965 1966 le
1998 1910 2312 1979 cartulaire,
2342 1911 2442 1967 fol.
2475 1911 2580 1967 124
2616 1915 2722 1982 vo).

779 2138 849 2205 ln
883 2132 1144 2206 nomine
1197 2145 1421 2205 sancte
1464 2146 1529 2204 et
1567 2130 1898 2203 individue
1937 2133 2291 2221 Trinitatis,
2332 2135 2535 2224 Hugo,
2570 2131 2684 2204 Dei
2739 2131 2940 2224 gratia

690 2247 1171 2321 Aurelianensis
1211 2246 1584 2340 episcopus,
1633 2246 1937 2319 omnibus
1975 2245 2039 2317 in
2089 2261 2501 2339 perpetuum.
2538 2250 2768 2318 Notum
2800 2244 2939 2318 fleri

691 2365 989 2435 volumus
1042 2375 1170 2433 tam
1225 2362 1634 2455 presentibus
1673 2384 1864 2453 quam
1904 2361 2135 2432 futuris
2196 2364 2368 2453 quod
2414 2384 2643 2453 aquam
2697 2361 2939 2432 Piveris

686 2479 970 2561 Veteris,
1012 2500 1138 2568 que
1177 2477 1293 2547 suit
1329 2478 1653 2568 quondam
1686 2475 1952 2569 majoris
1994 2474 2382 2559 piverensis,
2424 2477 2613 2567 cujus
2641 2476 2940 2548 videlicet

688 2612 852 2681 aque
906 2589 1317 2662 medietatem
1370 2589 1716 2681 emptionis
1759 2591 1942 2660 titulo
1983 2588 2422 2680 possidemus,
2471 2592 2736 2659 alteram
2792 2611 2942 2659 vero

689 2706 1106 2776 medietatem
1153 2727 1268 2796 pro
1321 2707 1425 2775 XX
1472 2703 1652 2774 libris
1692 2700 1959 2796 pignore
2009 2704 2196 2774 nobis
2232 2716 2528 2775 tenemus
2567 2701 2939 2795 obligatam,

689 2819 1130 2891 Aurelianensi
1166 2821 1447 2912 capitulo
1499 2832 1645 2910 post
1676 2820 2019 2890 decessum
2060 2831 2354 2890 nostrum
2394 2818 2753 2889 habendam
2784 2840 2943 2888 con-

689 2932 982 3005 cedimus
1039 2933 1104 3003 in
1159 2947 1540 3025 perpetuum
1594 2946 1659 3005 et
1725 2935 2067 3019 donamus,
2122 2931 2207 3004 ita
2262 2935 2434 3023 quod
2492 2930 2799 3024 quicquid
2859 2934 2941 3003 de

691 3047 1050 3119 redditibus
1102 3050 1391 3140 ejusdem
1440 3070 1605 3139 aque
1676 3051 1773 3119 vel
1825 3045 2240 3140 proventibus
2288 3050 2532 3119 dictum
2590 3046 2939 3138 capitulum

690 3161 962 3254 singulis
990 3161 1174 3232 annis
1211 3160 1548 3253 percipiet,
1572 3160 1698 3233 hiis
1722 3162 1832 3253 qui
1862 3176 2085 3233 nostro
2124 3160 2480 3234 intererunt
2502 3161 2938 3233 anniversario

691 3275 940 3365 integre
1000 3275 1342 3348 distribuet
1416 3275 1770 3347 annuatim.
1831 3279 2017 3363 Quod
2082 3290 2151 3347 ut
2225 3290 2531 3368 perpetua
2592 3275 2940 3348 stabilitate

692 3404 1083 3482 perseveret,
1128 3413 1398 3482 presens
1450 3389 1759 3484 scriptum
1797 3390 2000 3462 nostri
2047 3389 2316 3463 fecimus
2363 3390 2554 3483 sigilli
2585 3388 2940 3462 munimine

691 3506 1003 3576 roborari.
1060 3509 1287 3598 Actum
1350 3527 1522 3576 anno
1576 3504 1777 3597 gratie
1830 3510 1881 3577 Μ
1940 3506 2388 3578 ducentesimo
2427 3504 2661 3597 primo,
2716 3527 2938 3578 mense

694 3618 1065 3709 septembri.
1231 3632 1236 3638 ’
