3485 5571
1809 666 2172 740 —2‘54—

871 800 1231 887 veritatem,
1264 818 1328 875 et
1358 802 1637 894 capitulo
1678 804 1813 875 sive
1853 803 2034 875 militi
2064 818 2266 876 testes
2307 806 2661 895 producere
2700 827 2828 875 non
2862 805 3111 887 liceret,

870 915 1030 988 etin
1053 921 1226 989 hunc
1252 921 1514 989 modum
1544 921 1623 990 de
1657 920 2077 990 contentione
2118 917 2431 1009 premissa
2450 921 2628 1009 juxta
2659 941 2872 990 meum
2915 921 3109 990 hene-

868 1030 1173 1123 placitum
1209 1030 1602 1119 ordinarem,
1645 1056 1681 1105 a
1728 1030 2103 1105 nemoribus
2142 1031 2362 1104 militis
2404 1056 2665 1104 nemora
2699 1032 2967 1124 capituli
3008 1055 3117 1124 pro

868 1169 1012 1217 mea
1050 1170 1356 1238 separans
1401 1150 1752 1235 voluntate,
1794 1160 2128 1238 metasque
2156 1147 2473 1219 divisuras
2535 1164 2799 1238 utraque
2852 1171 3119 1220 nemora

866 1283 1278 1351 quocumque
1320 1264 1549 1332 vellem
1578 1261 1880 1333 collocari
1908 1261 2177 1345 taciem,
2215 1284 2397 1333 suam
2451 1260 2844 1352 assignarem
2886 1285 3126 1334 secun-

868 1377 1021 1444 dum
1060 1386 1266 1444 metas
1310 1377 1569 1445 easdem
1623 1377 1877 1465 utrique
1913 1374 2187 1466 partium
2228 1377 2623 1465 portionem,
2663 1388 2726 1446 et
2765 1374 2859 1446 sic
2897 1375 3123 1447 divisis

866 1510 983 1579 per
1019 1510 1123 1560 me
1163 1489 1540 1561 nemoribus
1579 1504 1644 1561 et
1682 1490 1962 1572 metatis,
2010 1488 2201 1560 nichil
2242 1511 2507 1581 prorsus
2545 1488 2610 1560 in
2652 1490 2951 1582 portione
2983 1514 3124 1582 par-

864 1601 949 1674 tis
1025 1602 1289 1674 alterius
1354 1617 1577 1694 posset
1636 1627 1781 1696 pars
1846 1607 2046 1675 altera
2104 1605 2183 1675 de
2245 1619 2464 1675 cetero
2519 1605 2892 1675 reclamare.
2950 1603 3125 1676 Hanc

865 1730 1079 1788 autem
1134 1715 1784 1809 compromissionem
1843 1732 1908 1789 et
1947 1717 2277 1788 arbitrium
2312 1741 2527 1789 meum
2569 1717 2779 1801 miles,
2819 1720 2952 1790 fide
2987 1742 3128 1790 cor-

866 1829 1167 1921 poraliter
1201 1832 1494 1923 prestita,
1551 1846 1952 1903 servaturum
1992 1833 2159 1902 hona
2224 1834 2350 1903 fide
2391 1831 2656 1903 firmiter
2685 1855 2757 1903 se
2796 1832 3124 1924 promisit,

867 1950 1199 2037 Hugonem
1239 1948 1317 2017 de
1357 1947 1701 2029 BrissiacO,
1734 1945 2079 2017 Ranerium
2122 1948 2200 2017 de
2241 1948 2594 2030 Brissiaco,
2628 1949 3008 2017 Gaufridum
3049 1949 3127 2017 de

866 2063 1164 2145 CodretO,
1223 2060 1591 2131 Gaufridum
1643 2065 1891 2132 Bonum
1946 2059 2262 2143 Amicum,
2326 2059 2587 2146 milites,
2641 2059 2791 2132 inde
2845 2064 3120 2153 fidejus-

866 2197 1049 2246 sores
1088 2198 1122 2245 a
1180 2173 1450 2265 singulis
1505 2174 1630 2246 lide
1689 2177 1835 2245 data
1895 2174 2104 2246 taliter
2141 2172 2594 2265 interponens,
2646 2177 2815 2265 quod
2859 2175 2915 2245 si
2956 2190 3127 2247 stare

867 2286 1426 2380 compromissioni
1491 2291 1589 2359 vel
1647 2288 1989 2360 observare
2051 2291 2248 2360 nollet
2294 2287 2656 2373 arbitrium,
2692 2291 3069 2380 captionem
3109 2292 3127 2325 ¹

868 2402 1224 2474 Aurelianis
1266 2417 1559 2475 tenerent
1618 2404 2033 2493 fidejussores
2087 2402 2437 2485 assiduam,
2483 2404 2689 2474 donec
2738 2427 2939 2494 super
2978 2427 3127 2476 cen·

868 2533 1005 2590 tum
1047 2517 1328 2589 marchis
1359 2517 1606 2609 integre
1657 2520 2060 2590 satisfactum
2093 2532 2269 2590 esset
2307 2516 2609 2610 capitulo,
2652 2521 2748 2589 vel
2790 2517 3124 2590 arbitrium

869 2645 1174 2704 servaret.
1210 2631 1568 2725 Capitulum
1602 2631 1794 2704 etiam
1827 2635 2057 2704 eodem
2097 2635 2292 2703 modo
2327 2629 2596 2703 dilectos
2626 2635 2821 2703 {rates
2863 2647 2927 2703 et
2970 2656 3125 2705 con-

871 2746 1220 2819 canonicos
1247 2770 1402 2819 suos
1438 2769 1638 2838 super
1678 2749 2082 2819 observando
2121 2744 2418 2818 similiter
2455 2746 2720 2818 arbitrio
2756 2769 2902 2819 meo
2968 2749 3124 2818 fide-

861 2864 1156 2953 jussores
1214 2860 1626 2953 interposuit,
1679 2864 1803 2932 lide
1834 2860 2097 2953 prestita
2138 2860 2564 2951 singulorum,
2618 2860 2867 2933 scilicet
2899 2861 3121 2933 Henri-

881 2999 1029 3048 cum
1117 2974 1666 3061 archidiaconum,
1791 2977 2199 3046 Hamericum
2303 2973 2674 3065 magistrum
2771 2978 3119 3057 scolarum,

871 3090 1171 3158 Garinum
1225 3088 1704 3160 Pithvcrensem
1732 3087 2371 3180 archipresbiterum,
2418 3090 2789 3159 Gervasium
2827 3089 3124 3161 sacerdo·

872 3217 1025 3274 tem.
1059 3206 1190 3294 Ego
1217 3202 1409 3294 igitur
1436 3207 1602 3274 bona
1642 3207 1768 3274 fide
1823 3205 2179 3275 secundum
2214 3201 2816 3294 compromissionis
2856 3206 3121 3275 formam

869 3317 933 3387 in
991 3317 1133 3408 ipso
1201 3318 1459 3409 negotio
1517 3319 1906 3408 procedenS,
1964 3341 2076 3410 per
2127 3318 2341 3388 omnia
2403 3315 2492 3388 rei
2534 3317 2790 3408 cognita
2830 3317 3120 3398 veritate,

872 3430 1032 3502 locis
1073 3445 1278 3503 metas
1315 3430 1624 3503 collocavi
1667 3430 1927 3514 debitis,
1990 3429 2233 3521 lapides
2261 3432 2471 3522 figens
2509 3444 2572 3502 et
2611 3454 2837 3502 cruces
2882 3430 3124 3522 ligneas

872 3568 906 3615 a
948 3549 1324 3617 nemoribus
1350 3545 1574 3615 militis
1605 3568 1871 3616 nemora
1907 3545 2166 3636 capituli
2234 3545 2617 3627 dividenteS,
2659 3558 2723 3616 et
2761 3545 2826 3615 in
2876 3561 3121 3636 partem

876 3682 1058 3730 suam
1113 3663 1193 3730 de
1234 3659 1424 3730 dictis
1467 3659 1840 3730 nemoribus
1884 3661 2133 3749 utrique
2175 3658 2445 3750 partium
2489 3661 2850 3730 secundum
2912 3673 3123 3731 metas

874 3773 1115 3866 positas
1154 3772 1502 3864 assignavi.
1543 3778 1616 3845 Ut
1655 3777 1779 3844 hoc
1818 3788 2033 3845 autem
2067 3787 2290 3844 notum
2323 3787 2576 3844 maneat
2606 3788 2668 3844 et
2705 3772 2934 3845 stabile
2971 3796 3117 3865 per-

873 3902 1146 3972 severet,
1209 3901 1547 3979 presentes
1607 3886 1850 3958 litteras
1903 3890 1981 3958 de
2046 3910 2374 3959 consensu
2427 3887 2697 3978 partium
2762 3886 2955 3978 sigilli
3001 3885 3122 3956 mei

872 4016 1198 4075 caractere
1231 4001 1646 4073 communivi.
1704 4007 1932 4073 Actum
1978 4025 2149 4073 anno
2188 4000 2390 4092 gratie
2425 3999 2771 4073 millesimo
2812 4005 3121 4072 ducente-

874 4117 1040 4189 simo
1064 4119 1293 4208 quinto
1334 4116 1613 4200 decimo,
1656 4140 1882 4190 mense
1910 4115 2168 4187 martio.

943 4704 963 4738 ¹
996 4704 1216 4759 Prison.
