3485 5571
1402 667 1763 737 -127-

461 825 596 874 rum
676 824 900 895 regum
984 800 1276 873 videlicet
1352 805 1767 885 Francorum,
1835 824 2084 872 necnon
2152 814 2215 872 et
2290 795 2702 872 stabilitatem

457 916 664 1009 regni,
721 919 1019 988 addimus
1079 939 1184 988 res
1238 939 1381 1007 qum
1429 918 1940 987 Karolomannus
1994 937 2101 986 rex
2154 912 2365 987 eidem
2415 913 2708 986 ecclesiae

457 1030 757 1102 reddidit.
794 1035 956 1100 Sunt
992 1044 1205 1101 autem
1246 1033 1345 1100 hae
1378 1052 1394 1104 ε
1436 1031 1501 1100 in
1544 1054 1706 1122 pago
1742 1028 2023 1102 Biturico
2062 1033 2212 1100 villa
2259 1053 2403 1120 quae
2447 1042 2710 1100 vocatur

458 1143 801 1229 CaltesiuS‚
837 1158 901 1217 et
929 1147 1126 1216 altera
1164 1168 1307 1235 quae
1335 1159 1597 1217 vocatur
1623 1147 1967 1216 Marsiacus
2003 1147 2069 1215 in
2098 1166 2259 1236 pago
2287 1142 2706 1226 Nevernensi,

453 1262 528 1329 ad
588 1262 868 1330 eundem
910 1257 1257 1329 Caltesium
1299 1259 1629 1350 pertinens
1680 1258 1816 1331 sive
1859 1256 2253 1342 Pauliacum,
2315 1281 2462 1328 cum
2502 1256 2711 1329 omni-

455 1376 577 1443 bus
647 1375 840 1462 longe
898 1375 1156 1465 lateque
1203 1387 1311 1444 aut
1351 1397 1548 1465 prope
1587 1372 1817 1467 positis
1858 1371 2329 1464 pertinentibus
2368 1384 2434 1443 et
2469 1371 2706 1442 familia

455 1489 792 1577 utriusque
850 1509 1098 1568 sexus;
1152 1486 1215 1556 in
1271 1510 1435 1578 pago
1507 1487 1700 1559 etiam
1764 1487 2054 1559 Blesiaco
2115 1486 2259 1558 villa
2317 1509 2462 1577 quae
2530 1507 2712 1556 voca-

455 1614 557 1671 tur
620 1598 858 1685 Curtis,
926 1624 1117 1691 quam
1194 1624 1401 1693 nuper
1462 1601 1829 1695 saepedictae
1911 1599 2206 1673 ecclesiae
2276 1603 2418 1672 Odo
2490 1622 2711 1671 comes

451 1717 736 1786 reddidit
774 1738 920 1786 cum
998 1715 1299 1786 omuibus
1361 1718 1441 1787 ad
1505 1739 1648 1788 eam
1701 1714 2198 1806 pertinentibus,
2259 1713 2710 1787 consentiente

453 1832 723 1919 Hugone
788 1832 1218 1899 Franchorum
1291 1832 1456 1901 duce
1518 1855 1535 1913 ;
1639 1828 2021 1902 beneficium
2115 1828 2306 1900 etiam
2383 1829 2706 1920 quoddam

453 1941 769 2014 Gauzl‘ridi
861 1941 1145 2026 comitis»,
1240 1946 1412 2035 quod
1511 1943 1682 2014 idem
1766 1949 1945 2035 Hugo
2046 1946 2330 2020 Arnullb.
2415 1943 2708 2033 ejusdem

451 2056 750 2129 ecclesiae
832 2055 1111 2148 praesuli,
1209 2057 1658 2130 consentiente
1733 2061 1962 2130 eodem
2044 2061 2426 2141 Gauzlredo,
2497 2057 2710 2128 reddi-

454 2170 570 2243 dit.
656 2175 1035 2243 Memoratas
1119 2171 1313 2263 igitur
1390 2176 1615 2258 cellas,
1685 2173 2073 2246 monasteria
2145 2189 2209 2246 et
2305 2173 2489 2245 villas
2556 2197 2703 2245 cum

449 2284 645 2357 'nonis
691 2299 756 2357 et
816 2285 1110 2369 decimis,
1163 2309 1325 2377 quas
1365 2288 1507 2379 ipsa
1546 2288 1821 2360 ecclesia
1862 2289 1942 2360 de
1983 2291 2296 2360 comitatu
2339 2302 2403 2361 et
2442 2289 2521 2359 de
2564 2287 2708 2359 allis

450 2401 652 2484 villis,
695 2425 837 2492 quae
878 2399 943 2470 in
1002 2399 1317 2472 beneficio
1356 2402 1793 2486 continentur,
1836 2403 2128 2494 accipere
2184 2401 2542 2487 consuevit,
2584 2426 2700 2474 seu

447 2515 609 2587 alias
639 2539 784 2586 cum
829 2517 1025 2586 rebus
1058 2513 1359 2586 omnibus
1417 2532 1481 2587 et
1529 2515 1868 2607 mancipiis
1927 2519 2006 2587 ad
2075 2540 2146 2588 se
2203 2516 2696 2608 pertinentibus,

449 2653 612 2721 quas
651 2631 845 2699 modo
906 2644 970 2699 et
1018 2642 1170 2699 tunc
1225 2631 1368 2718 jure
1439 2645 1504 2701 et
1555 2633 1847 2722 legaliter
1902 2630 2040 2722 ipsa
2095 2634 2354 2702 tenebat
2391 2631 2697 2716 ecclesia,

450 2756 673 2815 nostra
714 2740 906 2833 regali
943 2756 1258 2835 potestate
1295 2767 1407 2835 per
1440 2746 1563 2815 hoc
1597 2759 1835 2816 nostrae
1874 2744 2277 2816 celsitudinis
2308 2761 2700 2838 praeceptum

448 2856 662 2928 eidem
713 2860 928 2929 denuo
965 2861 1420 2929 confirmamus
1459 2862 1780 2944 ecclesiae,
1842 2874 1912 2929 ut
1950 2863 2072 2931 hoc
2126 2874 2364 2931 nostrae
2426 2860 2702 2933 auctori-

451 2974 606 3043 tatis
648 2985 971 3063 praecepto
1004 2976 1303 3063 prael'atus
1343 2976 1623 3064 pontilex
1663 2990 1726 3045 et
1767 2974 1957 3044 futuri
1995 2973 2358 3066 saepedictae
2407 2974 2700 3047 ecclesiae

450 3085 796 3177 pontifices
874 3108 984 3176 per
1050 3086 1265 3157 omnia
1333 3101 1394 3157 et
1455 3086 1518 3157 in
1596 3088 1897 3159 omnibus
1963 3112 2105 3179 quae
2169 3087 2294 3159 sibi
2333 3089 2700 3161 necessaria

446 3200 688 3269 tuerint
739 3212 997 3269 utantur
1057 3215 1120 3271 et
1164 3203 1516 3271 defendant
1578 3216 1641 3272 et
1695 3201 1963 3272 liberum
2026 3204 2249 3273 exinde
2302 3217 2364 3273 et
2432 3225 2506 3273 ex
2559 3202 2701 3274 aliis

448 3315 670 3398 rebus,
729 3336 871 3403 quae
932 3312 1141 3395 eidem
1200 3314 1491 3386 ecclesiae
1551 3338 1586 3384 a
1649 3315 1946 3385 fidelibus
2007 3314 2120 3387 Dei
2189 3319 2458 3387 conlatae
2520 3331 2695 3400 sunt,

446 3430 730 3497 habeant
794 3440 1202 3517 potestatem.
1292 3428 1537 3499 Obtulit
1596 3426 1839 3500 interea
1896 3431 2246 3519 jamdictus
2316 3430 2700 3501 venerabilis

444 3543 688 3631 praesul
723 3541 1201 3612 Aurelianensis
1239 3545 1536 3614 ecclesiae
1576 3542 1907 3612 obtutibus
1961 3543 2199 3615 nostris
2253 3543 2696 3615 auctoritatem

446 3654 878 3725 immunitatis
977 3658 1522 3747 praedecessorum
1616 3670 1983 3728 nostrorum
2084 3680 2307 3748 regum
2403 3656 2701 3728 videlicet

448 3784 642 3860 atque
720 3768 1200 3860 imperatorum,
1267 3768 1329 3839 in
1396 3794 1518 3861 qua
1589 3784 1725 3841 erat
1786 3770 2097 3841 insertum
2163 3774 2333 3862 quod
2410 3774 2699 3864 praelixus

450 3882 710 3974 genitor
740 3897 960 3954 noster
989 3899 1054 3954 et
1093 3882 1647 3955 nominatissimus
1702 3908 1857 3954 avus
1897 3899 2117 3956 noster
2158 3887 2700 3976 praedecessores-

451 4021 578 4087 que
628 4019 849 4068 eorum
901 4020 1088 4088 reges
1164 3996 1457 4068 videlicet
1515 4002 1976 4083 Franchorum,
2043 3998 2379 4070 ecclesiam
2450 4004 2700 4070 Sanctae

454 4112 704 4195 Crucis,
743 4110 844 4182 cui
887 4125 1147 4183 auctore
1206 4115 1341 4182 Deo
1397 4115 1542 4201 ipse
1584 4115 1971 4183 venerabilis
2033 4113 2378 4204 episcopus
2442 4129 2699 4205 praeest‚

453 4227 576 4295 sub
635 4248 751 4296 suo
827 4224 1179 4296 munimine
1242 4240 1306 4296 et
1364 4224 1742 4296 detensione
1802 4226 2162 4298 consistere
2228 4228 2559 4313 fecissent,
2639 4243 2702 4299 et

453 4361 674 4410 eorum
716 4338 1191 4410 immunitatum
1232 4338 1715 4410 auctoritatibus
1772 4343 2085 4412 hactenus
2142 4345 2220 4412 ab
2261 4342 2701 4433 inquietudine

448 4452 802 4543 judiciariae
865 4453 1201 4545 potestatis
1273 4457 1496 4525 eadem
1560 4456 1806 4526 munita
1882 4470 2073 4546 atque
2146 4458 2408 4527 defensa
2475 4455 2703 4526 suisset

455 4569 754 4639 ecclesia.
821 4570 919 4638 Ob
982 4566 1073 4640 rei
1113 4582 1323 4640 tamen
1362 4567 1729 4640 firmitatem
1777 4568 2121 4661 postulavit
2173 4592 2293 4640 nos
2351 4568 2699 4660 jamdictus

459 4681 835 4754 venerabilis
875 4682 1220 4775 episcopus
1262 4697 1328 4752 ut
1369 4696 1703 4774 paternum
1757 4706 1999 4755 morem
2044 4698 2414 4775 sequentes
2463 4699 2697 4755 nostrae
