3485 5571
1407 669 1767 738 -115-

474 823 627 892 quas
696 799 760 872 in
815 804 1054 894 prefata
1116 800 1259 872 villa
1316 804 1656 890 habebam,
1718 800 2010 874 canonici
2065 801 2557 875 Aurelianenses
2615 805 2720 875 XX

468 913 706 986 solidos
748 914 1205 988 lsoudunensis
1260 932 1519 989 monete
1567 915 1633 986 in
1695 915 2037 988 festivitate
2090 930 2313 989 sancte
2376 915 2598 989 Crucis
2656 920 2721 987 in

469 1029 631 1100 maio
697 1029 969 1121 singulis
1030 1028 1217 1102 annis
1287 1033 1778 1123 persolverent3
1855 1030 1940 1102 ita
1998 1034 2169 1123 quod
2226 1030 2415 1102 liceat
2475 1031 2722 1103 eisdem

470 1142 806 1215 canonicis
836 1143 1059 1230 libere,
1102 1143 1166 1215 in
1208 1168 1596 1237 quocunque
1643 1148 1788 1217 loco
1822 1143 2019 1217 totius
2050 1144 2353 1216 territorii
2391 1145 2624 1216 melius
2666 1159 2732 1215 et

472 1258 694 1330 utilius
761 1258 1109 1344 videbitur,
1175 1282 1409 1331 novum
1487 1263 1757 1352 burgum
1819 1264 2054 1343 lacere,
2122 1274 2186 1330 et
2247 1262 2428 1330 illum
2492 1258 2597 1350 qui
2645 1262 2725 1330 ab

471 1370 734 1463 antiquo
774 1371 858 1442 ibi
913 1375 1125 1445 estin
1189 1372 1314 1445 alio
1373 1377 1517 1445 loco
1578 1377 1950 1458 transferre,
2013 1386 2078 1445 et
2138 1371 2298 1444 infra
2341 1371 2728 1444 territorium

475 1490 712 1578 prelate
754 1486 899 1559 ville
945 1486 1158 1573 liceat,
1197 1487 1561 1580 ubicunque
1608 1487 1948 1573 voluerint,
2002 1500 2180 1579 prata
2232 1491 2482 1571 lacere;
2527 1509 2735 1578 neque

474 1623 715 1671 census
775 1614 1140 1692 pretaxatus
1187 1601 1558 1673 bominibus
1616 1603 1723 1693 qui
1791 1600 1875 1671 ibi
1941 1605 2359 1673 morabuntur
2408 1599 2730 1684 attinebit,

474 1718 586 1786 sed
630 1713 988 1802 canonicis,
1029 1714 1138 1806 qui
1178 1738 1325 1786 eum
1367 1714 1641 1808 singulis
1675 1715 1863 1787 annis
1895 1719 2283 1806 persolvent.
2318 1717 2449 1806 Ego
2489 1730 2730 1794 autem,

474 1850 692 1900 amore
735 1829 958 1920 prefati
998 1828 1315 1920 episcopi,
1355 1827 1457 1899 cui
1511 1828 1705 1899 nichil
1757 1852 2020 1921 possum
2063 1851 2182 1900 nec
2226 1832 2431 1900 debeo
2472 1850 2730 1920 negare,

477 1940 786 2033 peticioni
814 1942 1271 2014 canonicorum
1303 1942 1620 2034 acquievi,
1653 1958 1845 2034 atque
1875 1956 2105 2014 terram
2130 1942 2300 2012 illam
2332 1946 2410 2013 ab
2433 1945 2737 2014 omnibus

474 2056 1066 2129 consuetudinibus
1091 2056 1253 2129 meis
1292 2060 1414 2129 sub
1455 2061 1701 2150 prelato
1741 2081 1940 2129 censu
1965 2056 2383 2150 emancipavi.
2416 2061 2489 2130 Ut
2520 2072 2730 2129 autem

473 2173 599 2244 hoc
638 2185 851 2242 ratum
892 2185 957 2243 et
993 2173 1248 2242 firmum
1291 2184 1607 2259 maneret,
1645 2170 2025 2243 auctoritate
2081 2169 2289 2263 sygilli
2320 2173 2444 2243 mei
2486 2174 2737 2242 subter-

475 2286 749 2356 firmavi.

1543 2577 1672 2637 LXI

1337 2852 1638 2929 OrleanS,
1692 2850 1852 2915 1172

470 3101 823 3173 Reglement
851 3104 1008 3155 entre
1033 3097 1309 3167 manasse,
1341 3098 1553 3169 eveque
1581 3097 1896 3169 d’Orleans,
1943 3103 1998 3153 et
2047 3098 2340 3154 Bouchard
2383 3098 2452 3155 de
2497 3100 2724 3173 Meung,

540 3213 652 3252 son
678 3195 909 3251 homme
936 3196 1066 3265 lige,
1089 3194 1411 3250 etablissant
1440 3199 1598 3250 entre
1628 3211 1735 3249 eux
1765 3194 1820 3249 la
1842 3196 2239 3251 communaute
2268 3195 2365 3251 des
2394 3194 2539 3251 deux
2567 3211 2727 3252 mou·

538 3295 657 3349 lins
688 3299 746 3349 et
770 3291 869 3347 des
899 3292 1044 3347 deux
1070 3290 1228 3346 four-s
1257 3290 1325 3347 de
1354 3291 1897 3360 Meung·sur·Loire,
1928 3298 1984 3346 et
2014 3291 2112 3347 des
2152 3298 2341 3347 autres
2385 3293 2630 3349 moulins
2673 3298 2728 3347 et

535 3392 707 3447 fours
736 3405 848 3462 que
876 3388 1346 3444 l'accroissement
1382 3387 1452 3442 de
1481 3389 1534 3444 la
1562 3388 1692 3443 ville
1721 3388 2048 3444 reclamem.

1218 3533 1409 3607 (Copie
1435 3533 1504 3589 de
1529 3533 1755 3602 Baluze‚
1786 3550 1842 3605 p.
1871 3533 1984 3606 73).

556 3759 700 3848 Ego
740 3760 1088 3840 Manasses‚
1120 3753 1234 3826 Dei
1272 3754 1469 3847 gratia
1510 3754 1987 3827 Aurelianensis
2019 3754 2389 3850 episcopus:
2426 3763 2725 3832 Declare-

466 3887 575 3942 tur
624 3869 1053 3963 praesentibus
1091 3883 1155 3940 et
1193 3871 1423 3939 tuturis
1456 3871 1625 3959 quod
1654 3892 1802 3940 cum
1835 3871 2004 3941 inter
2033 3894 2152 3942 nos
2179 3886 2242 3943 et
2281 3888 2728 3945 antecessores

466 4001 741 4058 nostros
781 4000 844 4057 et
884 3986 1283 4056 Buchardum
1309 3986 1388 4054 de
1408 3986 1742 4074 Magduno,
1778 3984 1997 4075 ligium
2041 3988 2365 4058 hominem
2407 4003 2724 4072 nostrum,

467 4115 534 4172 et
603 4114 1057 4171 antecessores
1101 4121 1255 4169 suos
1317 4120 1512 4190 super
1563 4097 1783 4168 multis
1821 4102 2014 4170 rebus
2061 4100 2510 4173 contentiones
2538 4105 2728 4173 variae

470 4214 787 4306 longique
850 4209 1159 4304 temporis
1198 4215 1610 4295 haberentur,
1669 4215 1926 4283 tandem
1967 4215 2437 4286 interveniente
2487 4216 2728 4287 domini

473 4326 654 4418 regis
687 4325 986 4397 Ludovici
1042 4325 1155 4395 filii
1214 4324 1541 4408 Ludovici,
1578 4340 1642 4396 et
1683 4326 1927 4397 domini
1964 4327 2301 4413 willermi,
2335 4333 2733 4402 Senonensis

473 4437 983 4532 archiepiscopi,
1039 4454 1102 4511 et
1138 4438 1391 4510 comitis
1456 4438 1805 4510 Theobaldi
1868 4440 2168 4528 consilio,
2231 4443 2734 4515 assentientibus

475 4553 682 4628 etiam
728 4558 994 4645 Hugone
1036 4555 1279 4624 decano
1315 4565 1380 4624 et
1419 4552 1717 4625 universo
1758 4553 2037 4646 capitulo
2094 4561 2343 4628 Sanctae
2383 4558 2627 4640 CruciS,
2675 4572 2739 4629 et

479 4670 636 4746 aliis
722 4667 956 4741 amicis
1049 4668 1315 4754 nostri8‚
1382 4683 1445 4742 et
1526 4669 1775 4741 Caecilia
1846 4693 2036 4742 uxore
2101 4685 2165 4743 et
2239 4671 2394 4743 liliis·
2449 4675 2737 4766 ejusdem
