3485 5571
1451 688 1766 750 „29-

475 820 827 888 nachorum
891 831 1136 888 tantum
1184 817 1327 900 erit,
1376 820 1464 889 ita
1504 823 1680 909 quod
1719 817 1783 887 in
1828 842 1902 889 ea
1941 818 2235 890 canonici
2278 819 2474 891 nichil
2520 820 2717 892 habe·

473 933 656 1002 bunt.
704 935 889 1017 Quod
944 931 995 1003 si
1039 931 1333 1003 monachi
1386 936 1547 1003 forte
1588 932 1860 1003 dixerint
1918 931 2212 1003 homines
2257 958 2383 1004 non
2444 934 2717 1006 fideliter

469 1048 789 1118 decimam
834 1050 1141 1118 minutam
1173 1050 1447 1130 solvere,
1477 1048 1539 1118 in
1572 1046 1840 1118 arbitrio
1869 1050 2155 1138 ipsorum
2198 1051 2320 1120 erit
2363 1053 2454 1121 vel
2502 1053 2714 1121 eccle-

469 1160 801 1232 siasticam
850 1161 1179 1252 justiciam
1231 1161 1588 1252 requirere,
1630 1164 1727 1231 vel
1778 1164 2023 1232 decano
2063 1167 2295 1234 Sancte
2349 1164 2570 1234 Crucis
2610 1166 2722 1234 de-

469 1274 771 1346 nuntiare
819 1273 926 1365 qui
990 1278 1085 1345 vel
1151 1277 1471 1346 decimam
1523 1280 1837 1346 minutam
1901 1278 2089 1366 plene
2129 1278 2306 1347 reddi
2373 1276 2564 1348 faciet
2621 1281 2716 1348 vel

469 1403 880 1460 sacramento
921 1388 1156 1461 firmari
1199 1394 1370 1480 quod
1404 1393 1677 1462 fideliter
1715 1392 1962 1461 reddita
1992 1390 2098 1461 sit.
2140 1389 2205 1460 Si
2246 1395 2409 1462 forte
2439 1392 2503 1460 in
2538 1389 2724 1461 terris

469 1502 1020 1593 supranominatis
1051 1503 1286 1594 aliquid
1326 1507 1546 1575 venale
1569 1504 1972 1595 proponitur,
2014 1504 2445 1574 communiter
2482 1527 2516 1574 a
2557 1505 2720 1574 dua-

469 1619 595 1686 bus
647 1615 951 1687 ecclesiis
1002 1632 1273 1689 emetur.
1321 1620 1504 1703 Quod
1547 1618 1600 1687 si
1636 1621 1832 1688 altera
1874 1640 2019 1709 pars
2059 1632 2398 1708 postquam
2439 1640 2721 1688 summo·

471 1733 609 1800 nita
651 1730 838 1800 luerit
873 1734 951 1801 ab
990 1734 1323 1822 emptione
1354 1732 1659 1813 cessabit,
1702 1755 1848 1823 pars
1888 1734 2082 1801 altera
2124 1730 2244 1801 sibi
2276 1746 2450 1802 emet
2490 1744 2555 1801 et
2578 1754 2723 1822 pro-

472 1844 684 1936 prium
745 1845 1028 1915 habebit.
1089 1848 1466 1916 Addendum
1508 1868 1763 1936 quoque
1820 1845 1966 1936 quia
2011 1844 2061 1916 si
2111 1846 2477 1936 calumpnia
2517 1844 2723 1935 aliqua

477 1982 675 2050 supra
713 1958 1018 2049 predictis
1057 1957 1251 2031 terris·
1274 1959 1558 2031 alterutri
1602 1958 1881 2030 ecclesie
1921 1973 2089 2030 mota
2158 1959 2367 2041 luerit,
2433 1982 2724 2030 commu-

473 2073 649 2145 niter
689 2088 814 2144 tam
847 2073 1143 2144 monachi
1184 2098 1373 2164 quam
1414 2073 1710 2145 canonici
1753 2077 1968 2145 labore
1994 2090 2058 2145 et
2088 2089 2348 2166 sumptu
2391 2072 2722 2164 utriusque

474 2187 758 2259 ecclesie
797 2211 1057 2258 causam
1085 2201 1575 2279 prosequentur.
1607 2190 1793 2273 Quod
1830 2204 1897 2258 ut
1928 2203 2133 2259 ratum
2169 2202 2232 2259 et
2256 2191 2718 2260 inconcussum

470 2302 540 2371 in
584 2316 912 2392 posterum
949 2315 1346 2392 permaneat,
1394 2302 1713 2393 predictas
1754 2302 2467 2393 conventionessigillo
2499 2318 2722 2374 nostro

474 2414 750 2486 fecimus
788 2402 1183 2487 confirmari}
1220 2422 1441 2487 Actum
1472 2415 1725 2507 publice
1771 2417 2145 2509 Carnotlis],
2184 2441 2353 2488 anno
2384 2421 2464 2488 ab
2520 2417 2726 2487 incar-

474 2528 737 2601 natione
772 2531 1027 2601 Domini
1070 2535 1148 2599 M⁰
1187 2533 1258 2601 C⁰
1298 2535 1469 2600 LXX⁰
1509 2534 1581 2600 1⁰.
1626 2531 1996 2601 Astantibus
2036 2533 2097 2601 in
2143 2532 2464 2621 presentia
2497 2547 2714 2603 nostra

475 2642 827 2733 maioribus
891 2644 1304 2716 Carnotensis
1379 2645 1655 2716 ecclesie
1717 2645 2012 2736 personis
2066 2647 2369 2716 Gaulrido
2448 2648 2720 2729 decano,

475 2756 815 2830 Amaurico
836 2773 1124 2843 cantore,
1155 2761 1513 2830 Gisleberto
1544 2763 1938 2840 subdecano,
1975 2774 2039 2830 et
2076 2758 2372 2831 Gauterio
2412 2758 2725 2831 archidia-

473 2896 644 2944 cono
682 2877 996 2945 Dunensi.
1053 2879 1137 2945 Ex
1193 2887 1371 2965 parte
1427 2876 1904 2946 Aurelianensis
1962 2875 2265 2958 ecclesie,
2341 2879 2717 2969 S[tephauo]

472 2990 705 3058 abbate
748 2993 812 3058 S.
847 2989 1120 3073 Evurcii‚
1165 2995 1428 3081 Hugone
1463 2993 1730 3075 decano,
1763 2991 2083 3062 Willelmo
2123 3006 2416 3077 cantore,
2459 2994 2722 3063 Letoldo

472 3104 874 3174 subdecano.
940 3107 1025 3174 Ex
1089 3119 1264 3195 parte
1299 3106 1667 3176 monasterii
1721 3105 2226 3190 Bonevallensis,
2299 3108 2440 3197 ipso
2488 3108 2722 3177 abbate

473 3219 810 3299 Hei-berto,
855 3220 1049 3287 Adam
1092 3217 1302 3310 priore
1329 3222 1408 3290 de
1436 3222 1724 3300 Patheio‚
1770 3223 2059 3290 Renardo
2101 3218 2311 3310 priore
2345 3221 2425 3289 de
2467 3222 2721 3290 Colum-

476 3332 757 3414 mevilla‚
794 3336 1072 3403 Roberto
1104 3333 1430 3424 preposito
1481 3332 1884 3405 monasterii.

1550 3612 1656 3672 xv

1369 3810 1754 3890 [1121-1136
1784 3811 1835 3890 ¹]

474 3990 859 4063 Composition
883 3997 1041 4046 entre
1063 3991 1115 4046 le
1143 3992 1393 4059 chapitre
1432 3992 1501 4046 de
1553 3992 1933 4047 Sainte·Croix
1983 3999 2037 4048 et
2065 3993 2339 4064 Regnaud
2399 3993 2466 4048 de
2511 3993 2724 4065 Gracay

549 4103 623 4142 au
651 4089 800 4158 sujet
831 4087 930 4142 des
957 4088 1217 4143 hommes
1243 4093 1297 4143 et
1327 4089 1426 4143 des
1451 4095 1631 4143 terres
1660 4088 1728 4144 de
1757 4092 1963 4161 Maray.

1210 4236 1411 4309 (Cupie
1441 4237 1511 4291 de
1542 4237 1769 4306 Bolum,
1803 4255 1858 4309 p.
1890 4238 2011 4305 91.)

568 4404 701 4491 Ego
741 4399 1108 4492 Vulgi-inus,
1150 4403 1269 4471 Dei
1310 4402 1512 4492 gratia
1544 4399 1845 4471 Bituricae
1885 4402 2063 4470 sedis
2107 4401 2371 4470 humilis
2400 4399 2728 4484 minister,

604 4717 770 4770 Dates
799 4718 1076 4770 extremes
1095 4714 1165 4770 de
1194 4715 1518 4786 l’episcopat
1546 4714 1615 4768 de
1648 4714 1903 4782 Vulgi-in.
