3485 5571
1378 579 1733 641 —141—

422 720 488 777 et
528 708 841 778 memorie
880 708 1333 778 commendare
1399 708 1541 778 duxi
1606 707 2067 778 necessarium.
2134 708 2395 779 Simone
2456 723 2670 779 autem

423 823 622 891 fratre
652 819 1210 892 Lanceliniadhuc
1263 822 1633 912 superstite,
1687 822 1855 893 inter
1912 822 2260 893 canonicos
2301 825 2478 894 Beati
2506 829 2676 893 Mar-

422 933 540 1004 tini
583 949 645 1006 et
700 933 909 1027 ipsum
952 937 1277 1005 Simonem
1316 937 1395 1006 de
1426 934 1806 1025 quibusdam
1849 938 2059 1027 pravis
2098 936 2676 1008 consuetudinibus

422 1073 590 1140 quas
628 1053 796 1140 apud
841 1048 1221 1120 Sodobrium
1258 1053 1604 1138 usurpabat
1647 1048 1765 1120 tuit
1789 1050 2146 1133 contentio,
2171 1049 2417 1122 scilicet
2457 1051 2677 1143 hospi-

423 1162 662 1245 talitio,
715 1161 1123 1254 expeditione
1181 1164 1278 1232 vel
1320 1161 1566 1252 justitia
1615 1185 1809 1252 super
1848 1165 2146 1234 homiues
2197 1164 2369 1234 Beati
2402 1162 2669 1235 Martini.

417 1278 666 1346 Eodem
701 1298 849 1347 vero
889 1274 1150 1345 Simone
1187 1273 1252 1344 in
1284 1278 1551 1345 articulo
1585 1273 1807 1345 mortis
1835 1274 2047 1366 posito
2075 1277 2127 1358 ¹,
2167 1278 2274 1346 ubi
2319 1300 2443 1346 non
2482 1281 2672 1349 habet

421 1394 641 1463 locum
700 1390 1133 1474 mendacium,
1176 1396 1312 1462 Deo
1368 1405 1432 1461 et
1495 1390 1646 1460 mihi
1711 1395 1852 1482 ejus
1902 1391 2220 1473 ministro,
2263 1392 2369 1483 qui
2411 1409 2674 1465 vocatus

419 1527 454 1575 a
497 1504 766 1576 Simone
808 1519 876 1574 ut
913 1506 1197 1575 venirem
1234 1505 1320 1574 illi
1363 1505 1510 1577 affui
1552 1504 1883 1588 morituro,
1930 1510 2268 1577 contessus
2308 1521 2406 1578 est
2446 1521 2511 1578 et
2545 1531 2674 1578 non

421 1618 684 1710 negavit
740 1621 1017 1711 prelatas
1088 1619 1594 1691 consuetudines
1661 1642 1731 1691 se
1798 1619 2035 1711 injuste
2095 1619 2474 1711 requisisse,
2515 1645 2675 1713 quas

421 1731 834 1805 satisfaciens
884 1731 947 1802 in
1010 1756 1202 1804 manu
1256 1747 1475 1805 nostra
1514 1733 1861 1824 penitendo
1900 1734 2169 1807 dimisit.
2224 1734 2486 1807 Simone
2526 1759 2676 1806 vero

421 1845 589 1917 viam
665 1850 962 1919 universe
1001 1845 1214 1918 carnis
1275 1847 1593 1940 ingresso,
1642 1847 1960 1919 successit
2011 1847 2422 1933 Lancelinus,
2479 1853 2672 1921 frater

420 1964 591 2052 ejus,
634 1976 701 2032 et
738 1984 895 2052 quas
928 1963 1149 2032 Simon
1192 1961 1698 2035 consuetudines
1738 1961 2070 2048 dimiserat
2106 1976 2173 2034 et
2210 1961 2449 2054 injuste
2488 1986 2674 2035 acce-

422 2076 604 2164 pisse
676 2089 1062 2163 cognoverat
1114 2074 1344 2145 iterum
1392 2074 1726 2167 requisivit
1791 2091 1853 2147 et
1886 2076 2236 2148 canonicos
2284 2075 2672 2167 inquietatos

492 2437 508 2472 ¹
537 2437 818 2499 humasse,
854 2438 1061 2508 eseque
1092 2437 1407 2507 d'Orleans‚
1434 2438 1832 2510 communique
1875 2455 1946 2493 au
1976 2439 2225 2511 chapitre
2250 2440 2321 2496 de
2350 2440 2680 2496 Saint-Mar-

420 2527 497 2580 tin
529 2527 603 2581 de
648 2529 831 2582 Tours
860 2526 1157 2582 l’abandon
1202 2528 1323 2599 fait,
1370 2544 1469 2599 par
1516 2529 1713 2584 Simon
1749 2528 1818 2583 de
1865 2529 2191 2600 Beaugency
2222 2535 2502 2596 moment,
2536 2530 2679 2585 d’in-

420 2616 605 2685 justes
635 2623 931 2672 coutumes
960 2619 993 2673 a
1021 2618 1282 2673 Suevres.
1334 2619 1532 2689 [Apres
1569 2616 1752 2690 11491,
1792 2619 1874 2673 Cf.
1909 2618 2102 2675 Gallia
2130 2619 2484 2690 Christiana,
2524 2621 2675 2688 VIII,

421 2709 527 2763 col.
559 2708 689 2764 509.

492 2817 516 2851 ι
542 2800 612 2853 In
629 2799 858 2853 nomine
878 2805 1069 2854 sancte
1091 2805 1145 2853 et
1163 2799 1448 2855 individue
1470 2800 1775 2868 TrinitatiS,
1801 2817 1902 2869 ego
1918 2803 2221 2869 ManasseS,
2243 2800 2341 2855 Dei
2365 2802 2542 2870 gratia
2565 2804 2678 2856 Au-

417 2888 758 2943 relianensis
805 2888 1127 2959 episcopm,
1178 2888 1393 2944 dilectis
1432 2889 1701 2944 fratribus
1745 2890 1885 2944 meis
1933 2889 2218 2943 canonicis
2267 2890 2416 2944 Beati
2446 2890 2677 2945 Martini

418 2977 775 3032 Turonensis
822 2982 876 3032 et
918 2978 1193 3033 universis
1241 2978 1476 3033 ecclesie
1520 2979 1648 3033 filiis
1694 2983 1810 3032 tam
1862 2978 2215 3049 presentibus
2257 2995 2426 3049 quam
2475 2980 2679 3035 suturis

418 3067 648 3122 notifico
674 3067 773 3122 sed
804 3072 857 3122 et
886 3067 1135 3122 obtestor
1161 3067 1313 3139 quod
1343 3068 1535 3123 Simon
1565 3068 1634 3123 de
1662 3068 2036 3138 Balgentiaco,
2082 3067 2248 3137 digne
2274 3069 2355 3122 vir
2382 3070 2676 3138 memorie,

418 3156 526 3211 fide
552 3157 814 3226 devotus,
846 3157 1137 3212 honestate
1167 3158 1473 3228 preclarus,
1520 3159 1849 3229 prinsquam
1882 3158 2128 3212 humane
2172 3157 2486 3228 fragilitatis
2515 3159 2682 3214 iniret

418 3246 631 3301 exitum
661 3252 718 3302 et
746 3253 946 3303 nature
972 3249 1212 3303 solveret
1238 3247 1489 3303 debitum
1532 3249 1589 3302 iu
1633 3247 1953 3302 infirmitate
1996 3247 2246 3319 corporis
2276 3248 2361 3301 sui
2390 3247 2675 3314 laboranS‚

418 3338 585 3391 corde
615 3343 1012 3408 compunctuS‚
1044 3353 1140 3391 ore
1168 3342 1378 3405 autem,
1413 3343 1473 3391 ut
1499 3337 1804 3404 credimu8‚
1835 3337 2125 3391 confessus
2169 3341 2248 3390 est
2290 3336 2360 3391 ad
2403 3338 2675 3393 salutem.

420 3426 523 3490 Qui
553 3443 688 3481 cum
719 3426 776 3480 in
803 3428 1083 3495 presentia
1110 3444 1234 3481 mea
1265 3432 1660 3481 testamentum
1688 3426 1972 3480 ordinaret
1994 3426 2099 3496 (Cf.
2116 3426 2317 3495 Ch.V),
2341 3427 2591 3482 ecclesiis
2623 3434 2682 3483 et

417 3516 761 3587 pauperibus
790 3521 1067 3585 erogaret,
1111 3516 1260 3571 inter
1279 3521 1462 3571 cetera
1484 3515 1850 3571 confessionis
1875 3532 1976 3570 sue
1997 3516 2219 3586 eloquia
2240 3515 2310 3570 de
2337 3515 2674 3587 quibusdam

417 3604 604 3674 pravis
645 3603 1149 3659 consuetudinibus
1188 3620 1329 3675 quas
1373 3604 1493 3675 ipse
1543 3611 1600 3658 et
1640 3603 1868 3674 quidam
1921 3603 2007 3657 sui
2055 3603 2482 3673 predecessores
2530 3605 2680 3675 apud

419 3694 761 3750 Sodobrium
791 3692 1001 3763 injuste
1031 3698 1288 3748 tenerent
1319 3693 1457 3747 mihi
1488 3693 1731 3747 innotuit
1760 3711 1774 3762 ;
1834 3709 1926 3747 eas
1959 3699 2146 3747 autem
2191 3709 2293 3763 pro
2324 3709 2427 3748 sua
2476 3692 2676 3764 prede·

418 3797 825 3854 cessorumque
880 3782 1075 3839 salute,
1116 3799 1219 3853 per
1274 3799 1507 3836 manum
1566 3798 1751 3836 meam
1795 3788 1992 3854 sponte
2056 3781 2323 3851 deseruit,
2381 3783 2674 3838 confessus

418 3887 476 3925 se
504 3871 563 3926 in
588 3871 841 3943 predicta
871 3872 1000 3926 villa
1028 3878 1140 3926 tres
1168 3871 1528 3927 solummodo
1558 3870 1993 3926 consuetudines
2023 3871 2252 3941 habere,
2280 3888 2389 3942 que
2419 3871 2524 3927 sibi
2548 3872 2676 3943 jure

418 3960 759 4017 hereditario
811 3960 1220 4031 contingebant,
1266 3961 1472 4017 scilicet
1500 3961 1812 4026 biennium,
1861 3966 2282 4017 censamentum
2313 3966 2368 4016 et
2393 3961 2666 4031 justitiam

420 4068 586 4123 super
616 4051 912 4122 homines3
945 4057 1131 4106 tamen
1171 4053 1490 4122 prepositus
1520 4051 1669 4105 Beati
1700 4051 1922 4105 Martini
1956 4051 2110 4121 prius
2153 4067 2185 4104 a
2207 4050 2423 4121 justitia
2452 4050 2675 4107 defece-

419 4143 507 4197 rit.
554 4140 721 4206 Quod
767 4145 829 4195 ut
874 4140 1151 4196 illibatum
1199 4147 1524 4213 permaneat
1566 4138 1727 4209 sigilli
1768 4141 1942 4194 nostri
1971 4140 2305 4195 authoritate
2348 4141 2671 4196 confirmari

421 4230 739 4303 postulavit.
770 4231 950 4297 Quam
979 4230 1384 4285 institutionem
1433 4231 1480 4284 si
1528 4230 1654 4301 quis
1697 4229 2001 4299 infringere
2048 4236 2146 4284 aut
2187 4246 2328 4284 ausu
2371 4233 2676 4286 temerario

421 4323 695 4378 annulare
725 4337 823 4376 seu
848 4325 1137 4375 attenuare
1168 4322 1597 4391 presumpserit,
1621 4335 1721 4389 ego
1745 4325 1796 4373 et
1828 4335 2185 4374 successores
2210 4320 2322 4374 mei
2342 4319 2507 4389 plene
2529 4320 2677 4391 rigo-

421 4427 538 4467 rem
581 4411 797 4483 iustitie
841 4427 1012 4483 super
1041 4428 1170 4467 eum
1197 4410 1597 4466 exercebimus
1635 4428 1665 4461 »
1715 4439 1776 4449 —
1829 4409 1943 4465 Bib.
1981 4412 2108 4465 Nat.
2144 4410 2368 4464 Moreau
2399 4408 2462 4463 61
2496 4424 2508 4463 :
2546 4409 2672 4464 159.

428 4518 455 4554 ι
479 4502 607 4557 Tire
640 4502 737 4556 des
762 4501 1037 4557 Archives
1066 4500 1136 4556 de
1161 4501 1374 4570 l'eglise
1402 4498 1719 4554 cathedrale
1744 4500 2038 4555 d’Orleans
2069 4520 2118 4553 υ.
2148 4499 2372 4568 Envoye
2403 4515 2504 4569 par
2528 4501 2673 4555 Dom

426 4590 609 4648 Geron
638 4592 692 4647 le
719 4590 789 4647 27
822 4592 932 4647 mai
955 4591 1116 4648 1765.
1148 4590 1193 4646 11
1223 4590 1350 4646 date
1378 4605 1478 4662 par
1501 4606 1700 4645 erreur
1728 4594 1816 4644 cet
1843 4595 1964 4645 acte
1993 4589 2063 4644 de
2091 4589 2251 4645 1145.
