3485 5571
1786 706 2139 768 -394—

1821 1136 2093 1198 CCXCVl

1748 1436 1824 1497 26
1844 1435 1991 1517 juin
2022 1434 2182 1498 1256

944 1688 1280 1759 Expedition
1307 1703 1408 1760 par
1431 1688 1820 1760 l'archeveqne
1849 1687 1919 1744 de
1948 1689 2088 1744 Sens
2117 1688 2187 1744 de
2233 1687 2409 1744 l'acte'
2436 1688 2505 1744 de
2529 1697 2690 1746 vente
2719 1691 2819 1762 qui
2846 1691 2989 1747 snit.

1316 1833 1501 1903 (Orig.
1535 1851 1577 1888 s,
1600 1834 1793 1907 parch.
1819 1832 1986 1889 Arch.
2017 1834 2094 1889 du
2125 1833 2331 1904 Loiret,
2366 1833 2432 1890 G.
2476 1834 2625 1904 350).

935 2076 1256 2148 Omnibus
1299 2089 1633 2168 presentes
1668 2077 1911 2147 litteras
1945 2077 2333 2169 inspecturis
2386 2077 2690 2169 magister
2741 2080 2916 2161 Odo,
2952 2081 3094 2148 offi-

844 2190 1025 2262 cialis
1062 2190 1238 2263 curie
1279 2190 1699 2271 senonensis,
1735 2190 1800 2261 in
1840 2188 2117 2262 Domino
2149 2190 2763 2263 salutem.Noverint
2801 2189 3083 2263 universi

842 2308 1012 2396 quod
1052 2328 1266 2377 coram
1305 2303 1491 2376 nobis
1529 2305 1861 2375 constituti
1894 2307 2073 2397 Hugo
2129 2304 2340 2374 dictus
2397 2309 2634 2378 Serene
2679 2308 2758 2377 de
2795 2311 3089 2398 Tespon,

839 2419 1050 2503 miles»,
1115 2435 1179 2490 et
1239 2423 1609 2511 margareta,
1672 2421 1811 2511 ejus
1879 2440 2061 2501 uxor,
2126 2418 2426 2490 undecim
2488 2419 2741 2491 modios
2803 2419 2976 2491 bladi
3027 2433 3090 2492 et

837 2555 1061 2620 avene,
1096 2534 1398 2605 videlicet
1436 2532 1719 2624 quinque
1780 2534 2033 2604 modios
2085 2547 2151 2604 et
2200 2532 2534 2604 dimidium
2592 2536 2759 2605 bladi
2800 2549 2867 2606 et
2905 2534 3088 2626 quin·

836 2670 960 2738 que
992 2647 1245 2719 modios
1302 2663 1367 2719 et
1405 2647 1739 2718 dimidium
1781 2670 1981 2719 avene
2020 2650 2098 2719 ad
2140 2670 2509 2719 mensuram
2557 2650 2636 2719 de
2690 2649 2976 2740 Stampis
3015 2673 3085 2721 ex

837 2777 1016 2856 parte
1056 2763 1226 2836 dicte
1266 2768 1609 2856 margarete
1650 2778 2007 2846 moventes,
2050 2774 2142 2834 etc
2150 2816 2284 2836 .....
2328 2763 2467 2850 (Cet
2502 2774 2638 2834 acte
2672 2773 2763 2835 est
2800 2788 2892 2834 au
2929 2765 3085 2854 fond

837 2881 896 2949 le
932 2883 1134 2950 meme
1160 2901 1280 2970 que
1321 2881 1376 2948 le
1406 2882 1670 2950 suivant
1726 2902 1874 2949 avec
1910 2882 2192 2951 d'autres
2219 2882 2528 2970 [ov-mules
2564 2882 2729 2949 dans
2776 2903 2870 2949 un
2909 2894 3090 2949 autre

835 2997 1044 3066 ordre.
1097 2996 1163 3065 Il
1203 3004 1295 3064 est
1330 2997 1373 3062 ὰ
1410 3016 1784 3084 remur-quer
1824 2995 1992 3085 qu’il
2038 3019 2080 3084 y
2108 3005 2199 3065 est
2223 2997 2325 3063 dit
2347 3018 2370 3062 .·
2414 3021 2448 3061 α
2498 2990 2865 3076 Guillelmo,
2919 2992 3086 3063 dicto

837 3110 1262 3179 Malesherhes
1299 3110 1378 3177 de
1415 3108 1764 3188 Erbuncie‚
1801 3110 2120 3198 armigero
2164 3137 2225 3193 n,
2254 3119 2314 3179 et
2361 3110 2526 3200 qu’il
2553 3119 2642 3179 est
2690 3111 2903 3199 ajout&
2961 3130 3091 3177 aux

834 3224 994 3292 trois
1059 3225 1478 3314 fidejusseurs
1546 3223 1624 3291 de
1694 3223 1927 3291 l'autre
1992 3232 2126 3292 acte
2178 3247 2193 3292 ε
2282 3250 2316 3289 α
2400 3237 2465 3295 et
2531 3223 2936 3313 Radulphum
3013 3223 3085 3290 de

838 3334 1102 3407 Barville
1146 3360 1174 3402 ι
1232 3349 1344 3422 )...
1389 3333 1675 3406 Asseruit
1714 3334 1918 3405 eciam
1958 3336 2169 3407 dictus
2210 3342 2389 3428 Hugo
2431 3360 2644 3408 coram
2687 3335 2877 3407 nobis
2915 3339 3083 3427 quoi

837 3448 1072 3519 dictam
1135 3447 1573 3520 venditionem
1650 3450 1798 3518 fecit
1867 3463 1933 3519 ut
1992 3449 2277 3540 precium
2352 3449 2521 3521 illius
2577 3449 2966 3520 venditionis
3017 3449 3077 3518 iu

840 3562 1174 3634 utilitatem
1214 3563 1384 3635 dicte
1423 3567 1793 3653 Margarete‚
1836 3565 1976 3654 ejus
2016 3563 2256 3648 uxoris,
2310 3576 2373 3635 et
2412 3563 2759 3635 liberorum
2820 3585 3081 3634 suorum

837 3691 1241 3749 convertatur
1249 3732 1384 3748 .....
1465 3680 1757 3749 Preterea
1790 3699 2004 3748 coram
2072 3679 2259 3749 nobis
2321 3681 2713 3750 constitutus
2759 3682 3081 3749 lohannes

838 3795 918 3862 de
990 3790 1426 3875 Abbatisvilla,
1498 3790 1802 3881 armiger,
1861 3794 2187 3862 secundus
2249 3791 2549 3863 dominus
2625 3792 2790 3864 leodi
2864 3814 3084 3884 supra-

839 3905 1018 3988 dicti,
1101 3918 1168 3974 ut
1242 3903 1518 3986 dicebat,
1614 3904 1850 3975 dictam
1935 3905 2380 3976 vendicionem
2470 3908 2717 3989 volens,
2818 3909 3081 3977 laudans

838 4033 904 4091 et
954 4020 1343 4104 concedenS,
1423 4032 1728 4110 quantum
1806 4022 1883 4088 ad
1961 4041 2108 4089 eum
2176 4017 2531 4111 pertinebat
2594 4019 3079 4091 admortiflcavit

840 4134 1098 4203 feodum
1141 4130 1578 4222 supradictum
1611 4153 1827 4201 coram
1858 4132 2071 4215 nobis,
2117 4131 2521 4225 promittens,
2554 4145 2730 4205 etc...
2769 4137 2842 4204 Et
2879 4155 3081 4225 quan-

838 4259 975 4316 tum
1002 4249 1082 4315 ad
1111 4244 1322 4314 omnia
1360 4245 1643 4335 predicta
1669 4248 1948 4315 tenenda
1979 4259 2042 4314 et
2076 4248 2456 4337 complenda
2498 4246 2650 4317 dicti
2687 4251 2888 4337 Hugo,
2920 4251 3076 4316 Mar-

839 4374 1077 4450 gareta,
1135 4372 1198 4429 et
1253 4359 1449 4448 plegii
1489 4357 1996 4455 supranominati
2047 4381 2122 4428 ac
2172 4362 2498 4430 lohannes
2539 4363 2618 4431 de
2669 4360 3066 4431 Abbatisvilla

838 4472 1683 4563 supradictuS‚quocunque
1723 4485 1871 4543 eant
1911 4494 2026 4542 seu
2086 4485 2409 4555 maneant,
2465 4497 2535 4545 se
2591 4485 3064 4565 supposuerunt

837 4584 1269 4675 jurisdictioni
1323 4586 1505 4655 curie
1559 4584 1980 4655 senonensis.
2045 4588 2119 4655 Et
2174 4586 2450 4657 asseruit
2511 4586 2678 4658 dicta
2746 4592 3075 4678 Margareta

838 4701 1008 4790 quod
1041 4702 1162 4770 hoc
1200 4701 1474 4769 faciebat
1513 4706 1867 4791 spontanea
1903 4721 2027 4770 non
2061 4713 2306 4772 coacta.
2352 4704 2419 4771 ln
2448 4702 2632 4793 cujus
2674 4699 2764 4773 rei
2800 4700 3072 4772 testimo-
