3485 5571
1339 682 1419 697 -
1459 651 1577 722 379
1618 684 1698 696 -

378 781 638 862 dictum
703 784 882 860 luent
950 781 1109 854 infra
1148 801 1386 864 annum
1454 792 1792 872 postquam
1846 782 1927 850 de
1961 781 2199 870 luendo
2238 781 2521 872 pignore¹
2562 803 2637 853 ex

378 909 577 987 parte
616 893 874 986 capituli
914 895 1148 976 suerint
1206 890 1524 980 requisiti.
1585 895 1894 978 Poterant
1931 892 2249 986 siquidem
2312 909 2515 974 mater
2577 908 2642 966 et

381 1006 539 1089 tilii,
582 1010 680 1086 vel
719 1006 912 1084 etiam
940 1005 1050 1088 filii
1087 1007 1168 1083 de
1206 1027 1513 1090 assenssu
1555 1004 1776 1094 matris
1815 1005 2112 1090 viventis,
2159 1009 2256 1084 vel
2315 1006 2371 1080 si
2430 1004 2639 1099 ipsam

381 1119 740 1213 contigerit
807 1116 1172 1204 decessisse
1240 1121 1780 1212 quandocumque
1856 1119 2198 1204 voluerint,
2288 1123 2639 1213 predictam

383 1235 761 1318 reddimere
816 1234 1175 1325 majoriam.
1236 1234 1674 1318 Promiserunt
1713 1232 1905 1318 etiam
1975 1248 2176 1314 mater
2229 1249 2294 1307 et
2352 1233 2459 1320 filii
2527 1258 2644 1327 per

383 1352 550 1420 fidei
590 1346 851 1440 prestite
883 1346 1208 1426 vinculum
1240 1345 1603 1437 supradicta
1638 1346 1852 1424 omnia
1888 1347 2155 1420 firmiter
2181 1362 2401 1426 tenere
2441 1362 2506 1430 et
2544 1348 2640 1428 in-

387 1464 782 1544 violabiliter
808 1465 1173 1546 observare.
1216 1465 1284 1546 ln
1311 1463 1494 1552 cuius
1551 1461 1640 1552 rei
1675 1461 2051 1546 memoriam
2092 1479 2156 1538 et
2197 1463 2643 1544 testimonium

384 1590 731 1672 presentes
769 1579 1038 1659 litteras,
1079 1578 1158 1658 ad
1221 1574 1595 1668 petitionem
1658 1578 1978 1655 dictorum
2041 1578 2384 1671 Auburgis„
2452 1576 2642 1671 Regi-

389 1693 571 1778 naldi
604 1704 669 1766 et
706 1693 900 1776 Petri,
930 1691 1140 1783 sigillo
1172 1689 1564 1766 Senonensis
1596 1688 1773 1769 curie
1804 1694 2077 1774 fecimus
2100 1694 2396 1785 sigitlari.
2419 1698 2643 1765 Actum

384 1838 569 1887 anno
608 1812 863 1888 Domini
898 1815 1050 1888 MCC
1089 1811 1578 1903 quadragesimo
1637 1810 1941 1903 septimo,
1997 1834 2222 1894 mense
2281 1813 2631 1894 februario.

1332 2173 1728 2238 CCLXXXIV

573 2454 775 2533 Lyon,
803 2452 882 2514 24
912 2454 1289 2534 septembre
1317 2453 1382 2534 (8
1411 2453 1530 2516 des
1561 2452 1871 2517 calendes
1903 2453 2267 2533 d'octobre)
2295 2451 2474 2515 1:248.

388 2705 561 2762 Bulle
588 2705 1003 2777 interpretative
1033 2707 1358 2763 d'Innocent
1382 2706 1456 2762 IV
1487 2707 1747 2764 decidant
1782 2725 1892 2780 qne
1934 2709 1989 2765 la
2019 2708 2386 2764 constitution
2415 2713 2647 2778 aposto-

469 2802 625 2873 lique
651 2819 794 2873 pour
820 2804 874 2858 le
908 2820 1135 2859 secours
1160 2804 1416 2861 d’Orient
1452 2805 1666 2874 n’exige
1700 2821 1798 2876 pas
1842 2821 1952 2877 que
2000 2806 2079 2860 les
2108 2817 2348 2860 revenus
2378 2805 2476 2860 des
2525 2805 2647 2876 pre-

470 2898 685 2953 bendes
706 2904 964 2954 vacantes
995 2900 1179 2956 soient
1217 2900 1510 2972 appliques
1545 2900 1973 2971 integralemeut
2008 2900 2040 2954 a
2064 2900 2283 2956 l’utilite
2314 2900 2411 2955 des
2441 2901 2646 2970 eglises

470 2994 551 3048 οὺ
601 2993 736 3049 elles
786 3011 846 3049 se
899 3000 1179 3066 trouvent,
1237 3002 1291 3052 et
1341 2997 1661 3051 ordonnant
1716 2996 2033 3053 restitution
2084 2996 2192 3053 des
2222 3012 2540 3068 promesses
2579 2998 2650 3053 de

467 3091 759 3161 paiement
787 3106 863 3146 on
889 3091 960 3146 de
991 3082 1230 3163 Pasi'g'ent
1262 3093 1359 3164 qui
1389 3108 1460 3148 en
1481 3093 1668 3149 aurait
1694 3094 1783 3147 ete
1814 3108 1970 3159 recu.

471 3234 753 3303 (Vidimus
783 3236 851 3292 de
878 3235 1116 3292 l'offlcial
1145 3238 1462 3309 ἀὈΓΙόειηε,
1510 3237 1580 3293 14
1591 3239 1719 3308 juin
1739 3239 1903 3295 1287.
1937 3241 2109 3295 Arch.
2133 3239 2210 3294 du
2242 3240 2449 3309 Loiret,
2471 3239 2579 3313 G.)

490 3453 903 3525 Innocentius
942 3454 1311 3547 episcopuS,
1345 3479 1566 3527 servus
1602 3479 1932 3527 servorum
1971 3455 2112 3539 Dei,
2171 3455 2429 3527 dilectis
2499 3458 2651 3543 filiis

390 3569 869 3660 archidyacono
900 3569 1318 3659 Bononiensi,
1363 3572 1692 3657 collectori
1733 3574 2039 3662 deputato
2069 3594 2102 3651 a
2137 3570 2323 3641 nobis
2360 3572 2426 3641 in
2461 3575 2651 3641 Fran-

393 3682 503 3753 cia
550 3684 823 3753 subsidit
868 3683 1122 3774 Imperii
1177 3683 1470 3768 Romani,
1515 3697 1580 3755 et
1610 3684 1916 3775 magistro
1953 3685 2282 3776 Gregorio,
2327 3687 2646 3756 canonico

397 3797 771 3879 Baiocensi,
811 3799 891 3867 ad
920 3802 1039 3868 hec
1078 3809 1383 3889 deputato
1412 3802 1490 3881 ab
1531 3821 1607 3870 eo
1639 3798 1702 3868 in
1731 3798 1986 3869 civitate
2026 3812 2089 3871 et
2131 3801 2386 3890 dyocesi
2430 3805 2639 3885 Aure-

401 3910 827 3993 tianensibuS,
889 3914 1157 4005 salutem
1203 3925 1268 3984 et
1319 3913 1736 4007 apostolicam
1794 3906 2335 3985 benedictionem.
2387 3917 2543 3984 Cum
2587 3939 2650 3984 in

402 4022 866 4105 constitutione
893 4048 1007 4116 pro
1068 4022 1493 4097 subventione.
1554 4025 1808 4118 Imperii
1875 4027 2167 4110 Romani,
2247 4030 2314 4098 in
2368 4028 2648 4127 concilio

402 4137 816 4231 Lugdunensi
845 4126 925 4209 ’ἐι
967 4142 1161 4229 nobis
1200 4140 1396 4227 edita,
1446 4139 1613 4211 inter
1649 4155 1861 4213 cetera
1901 4164 2025 4232 que
2049 4143 2431 4234 quibusdam
2455 4146 2652 4212 dubia

402 4251 786 4322 videbantur
809 4251 1204 4344 interpretati
1262 4253 1466 4349 ¹fuisse
1518 4258 1813 4326 dicamur
1879 4270 1950 4325 ut
1988 4271 2334 4347 proventus
2375 4260 2651 4347 preben-

412 4369 638 4436 darum
665 4367 1029 4438 cedentium
1064 4370 1159 4437 vel
1182 4368 1632 4441 decedentium
1671 4368 2127 4453 canonicorum
2157 4370 2219 4439 in
2250 4394 2406 4441 usus
2444 4373 2652 4441 eccle-

474 4690 492 4727 ¹
531 4689 782 4752 Premier
810 4689 1023 4744 concile
1052 4689 1280 4758 general
1319 4688 1389 4743 de
1415 4689 1565 4759 Lyon
1592 4688 1798 4760 (¹245).
