3485 5571
1762 611 2123 674 —142—

816 760 1046 830 capere
1087 737 1506 830 presumpsit,
1574 740 1744 809 unde
1794 762 1827 808 a
1895 737 2082 810 nobis
2124 741 2340 809 datum
2382 753 2445 808 et
2506 762 2541 808 a
2600 736 2862 810 domino
2904 761 3070 829 papa

812 853 1254 922 confirmatam
1309 851 1735 922 anathematis
1776 848 2011 922 subivit
2039 850 2452 923 sententiam.
2496 853 2776 921 Tandem
2817 843 3070 922 domini

811 964 982 1055 regis
1029 962 1336 1036 Ludovici
1376 963 1882 1036 commonitione
1932 978 1997 1035 et
2032 967 2177 1036 date
2208 983 2380 1035 metu
2432 964 2776 1047 sententie,
2814 968 3073 1034 archie-

811 1077 1059 1171 piscopi
1117 1081 1517 1150 Turonensis
1574 1078 1920 1169 Engebaldi
1973 1093 2037 1150 et
2098 1101 2244 1150 meo
2284 1077 2558 1149 consilio
2599 1076 3068 1148 terminandam

810 1195 976 1263 hanc
1014 1190 1340 1263 commisit
1382 1192 1893 1264 contentionem.
1933 1190 2247 1264 Dominus
2288 1190 2499 1284 itaque
2538 1190 3070 1284 archiepiscopus

812 1321 876 1376 et
917 1329 1038 1398 ego
1076 1321 1140 1378 et
1181 1309 1520 1379 nobiscum
1560 1306 1666 1377 alii
1709 1310 2060 1398 prudentes
2102 1304 2213 1377 viri
2249 1310 2328 1377 ad
2360 1309 2827 1378 consulendum
2870 1329 3072 1398 super

813 1424 937 1491 boc
968 1420 1388 1492 convenimus
1415 1433 1715 1513 presente
1735 1419 2080 1512 ‚Lancelino
2106 1419 2380 1492 sollicite
2408 1422 2484 1491 de
2503 1419 2645 1512 jure
2663 1444 2782 1491 suo
2810 1418 3067 1491 unicui-

812 1558 936 1626 que
997 1529 1418 1628 assignando.
1488 1533 1755 1606 Provida
1819 1533 2036 1625 itaque
2085 1533 2600 1608 consideratione
2655 1532 3065 1606 decrevimus

813 1659 1130 1739 quatenus
1174 1672 1335 1741 quas
1394 1651 1643 1731 Simon,
1686 1651 1878 1719 trater
1936 1650 2103 1738 ejuS,
2154 1650 2663 1719 consuetudines
2704 1647 3063 1731 dimiserat,

813 1761 1064 1834 scilicet
1112 1761 1605 1854 hospitalitium,
1647 1776 1710 1833 et
1750 1760 2234 1853 expedicionem
2282 1775 2346 1834 et
2397 1761 2710 1853 justitiam
2757 1785 2948 1852 quam
2992 1784 3069 1833 ex

812 1878 1292 1947 consuetudine
1351 1874 1492 1966 ipse
1550 1873 1932 1946 Lancelinus
1988 1897 2182 1966 super
2235 1875 2531 1946 homines
2594 1872 2767 1944 Beati
2820 1871 3069 1945 Martini

813 1987 1130 2080 exigebat,
1159 1989 1425 2060 omnino
1452 1987 1801 2060 dimitteret
1824 1986 1945 2059 nisi
1979 1987 2343 2080 prepositus
2373 1990 2548 2059 Beati
2592 1985 2831 2058 Martini
2846 1984 3063 2080 requi-

813 2099 976 2173 situs
1024 2105 1118 2173 vel
1178 2104 1570 2193 impotenter
1615 2105 1714 2174 vel
1776 2100 2179 2194 negligenter
2211 2105 2289 2172 ab
2330 2124 2404 2173 ea
2478 2104 2803 2173 deficeret.
2868 2100 3072 2171 Addi-

814 2215 1026 2287 dimus
1066 2215 1262 2288 etiam
1296 2220 1465 2307 quod
1506 2240 1618 2308 pro
1674 2216 1773 2287 his
1823 2239 1948 2306 que
1993 2213 2324 2286 dimiserat
2357 2228 2845 2286 censamentum
2888 2216 3068 2306 quod

813 2330 874 2401 in
907 2329 1179 2421 singulis
1202 2330 1500 2400 domibus
1528 2332 1607 2400 de
1631 2331 1950 2400 Sodobrio
1979 2331 2281 2413 habebat,
2313 2353 2439 2400 uno
2458 2343 2762 2402 constans
2791 2329 3070 2400 sextario

812 2445 893 2515 ad
935 2467 1301 2515 mensuram
1334 2446 1579 2534 justam
1618 2458 1680 2515 et
1712 2466 2024 2526 rasuram,
2069 2442 2385 2515 vendendi
2418 2456 2482 2515 et
2519 2444 2777 2515 emendi
2820 2443 2884 2513 in
2917 2442 3069 2513 villa

814 2557 869 2628 ei
912 2557 975 2627 in
1019 2560 1213 2649 duplo
1284 2560 1681 2642 redderetur,
1725 2556 2012 2648 exceptis
2055 2557 2354 2627 domibus
2393 2556 2724 2628 cimeterio
2764 2559 3070 2646 adiacen-

818 2670 988 2741 tibus
1029 2694 1218 2741 suum
1260 2669 1526 2761 pristina
1585 2669 2056 2741 consuetudine
2097 2684 2586 2741 censamentum
2617 2669 3064 2741 reddentibus.

820 2783 1110 2878 Amplius
1178 2779 1231 2856 si
1271 2784 1768 2857 Vindocinensis
1829 2808 2050 2857 comes
2110 2787 2207 2855 vel
2260 2783 2528 2876 quilibet
2586 2784 2691 2855 alii
2731 2782 3068 2855 dominum

819 2896 1221 2989 Belgenciaci
1258 2904 1335 2967 ad
1367 2922 1659 2990 guerram
1701 2900 2210 2993 procuraverint,
2264 2896 2559 2970 homines
2593 2895 2776 2970 Beati
2818 2892 3066 2969 Martini

819 3015 898 3082 de
939 3015 1257 3084 Sodobrio
1296 3012 1388 3082 illi
1429 3029 1491 3083 et
1530 3013 1854 3105 preposito
1911 3026 1975 3083 et
2013 3011 2385 3084 bominibus
2423 3015 2588 3102 ejus,
2647 3011 2711 3081 in
2753 3026 3066 3102 quantum

817 3139 984 3197 terra
1024 3125 1197 3197 Beati
1239 3125 1482 3197 Martini
1523 3125 2032 3198 censamentaria
2062 3128 2450 3208 extenditur,
2477 3125 2851 3217 impendent
2890 3125 3067 3195 auxi-

816 3239 999 3324 lium,
1028 3240 1107 3309 iis
1138 3252 1347 3312 tamen
1362 3240 1643 3331 exceptis
1673 3239 1908 3312 comite
1930 3244 2347 3324 Theobaudo,
2373 3239 2704 3311 canonicis
2735 3253 2799 3311 et
2827 3262 3061 3343 prepo-

815 3355 940 3425 sito
979 3351 1155 3425 Beati
1192 3351 1461 3425 Martini.
1506 3354 1611 3425 Sic
1671 3352 2054 3445 dispositum
2091 3354 2327 3445 placuit
2357 3357 2698 3425 Lancelino
2730 3367 2795 3425 et
2820 3351 3064 3423 dimisit

816 3467 881 3537 in
947 3491 1140 3539 manu
1203 3467 1659 3554 Bartholomei,
1713 3468 2019 3559 prepositi
2078 3467 2252 3539 Beati
2324 3467 2592 3550 Martini,
2635 3492 2784 3539 cum
2827 3469 3067 3538 cutello

815 3581 1219 3653 satistaciens
1257 3604 1380 3672 que
1423 3580 1773 3653 dimitenda
1820 3581 2247 3653 decrevimus.
2314 3584 2498 3670 Quod
2557 3604 2636 3652 ne
2684 3596 2876 3672 queat
2909 3580 3070 3651 obli-

818 3696 1005 3768 vione
1039 3697 1234 3770 deleri
1272 3694 1460 3789 sigilli
1504 3698 1706 3768 nostri
1747 3696 2155 3768 attestatione
2200 3696 2616 3768 firmavimus.

906 3818 1128 3883 Actum
1191 3812 1446 3904 publice
1497 3810 1565 3882 in
1627 3812 1827 3903 pratis
1869 3813 2275 3894 Herbelliaci,
2325 3834 2496 3883 anno
2528 3809 2838 3882 incarnati
2879 3808 3069 3882 Verbi

822 3930 1086 4010 MCLlll,
1144 3925 1456 3999 ordinatis
1503 3929 1569 3996 in
1620 3926 1896 3998 ecclesia
1964 3929 2030 3996 S.
2095 3927 2317 3997 Crucis
2363 3924 2713 4018 majoribus
2766 3924 3066 4016 personis

822 4046 1082 4112 Simone
1159 4042 1429 4126 decano,
1522 4039 1786 4111 Girardo
1889 4050 2174 4126 cantore,
2271 4038 2571 4110 Zacharia
2662 4040 3068 4124 subdecano,

819 4157 1093 4227 Radulso
1133 4157 1480 4247 capicerio.
1509 4157 1706 4249 Hujus
1733 4153 1823 4225 rei
1855 4161 2055 4226 testes
2084 4157 2403 4226 affuerunt
2427 4151 2727 4224 dominus
2755 4156 3071 4244 Engebal-

821 4273 968 4352 dus,
1040 4268 1436 4340 Turonensis
1503 4267 2057 4360 archiepiscopuS‚
2120 4271 2607 4340 Bartholomeus
2673 4265 3068 4359 prepositus,

819 4385 1134 4454 Ernaldus
1193 4383 1667 4474 hospitalarius,
1726 4382 2033 4473 Georgius
2083 4380 2495 4472 grauitarius,
2553 4386 2731 4471 Hugo
2772 4380 3069 4453 succinc-

826 4510 949 4581 tor‚
994 4500 1173 4587 Hugo
1241 4500 1320 4568 de
1387 4496 1728 4580 Sodobrio,
1769 4500 2094 4567 lohannes
2152 4493 2542 4578 Senebaudi,
2605 4499 2948 4566 Durannus
2987 4498 3069 4567 de

831 4610 1191 4697 Sodobrio;
1239 4613 1318 4681 de
1369 4602 1740 4681 hominibus
1811 4632 1960 4682 vero
2031 4608 2204 4681 illius
2265 4624 2434 4680 terre
2475 4604 2785 4680 Henricus
2841 4603 3068 4699 major,
