3485 5571
1411 653 1747 715 -153—

427 805 570 852 nos
652 795 800 853 ante
872 783 1259 873 presentiam
1320 779 1567 851 domini
1638 781 1841 850 nostri
1909 779 2225 851 Guillelmi
2299 776 2692 851 Senonensis

415 895 937 988 archiepiscopi,
969 897 1104 978 ubi,
1125 900 1276 967 dum
1307 893 1543 986 pariter
1566 893 2122 980 convenissemus,
2157 893 2368 964 audita
2404 892 2574 964 idem
2604 894 2693 965 vir

415 1009 826 1081 venerabilis
890 1010 1224 1100 utriusque
1281 1008 1557 1083 ecclesie
1593 1031 1813 1090 causa,
1857 1009 1998 1099 ipso
2071 1010 2441 1099 providente
2502 1022 2691 1098 atque

417 1123 827 1216 disponente
864 1123 929 1195 in
958 1129 1121 1195 hanc
1147 1124 1548 1195 amicabilem
1615 1122 1993 1194 devenimus
2034 1121 2211 1213 pacis
2250 1121 2688 1193 concordiam.

422 1237 741 1310 Precium
794 1238 988 1330 igitur
1041 1241 1263 1310 ultime
1324 1237 1523 1329 partis
1574 1250 1790 1328 empte
1833 1235 2048 1307 clerici
2095 1239 2563 1327 persolverunt,
2629 1249 2692 1306 et

418 1351 526 1421 sic
575 1366 708 1423 tota
740 1351 843 1423 illa
885 1366 1049 1423 terra
1079 1351 1382 1444 Stephani
1424 1350 1735 1423 Berruarii
1769 1373 1959 1441 quam
1987 1348 2486 1440 supradiximuS‚
2527 1348 2694 1420 inter

416 1490 554 1537 nos
598 1483 664 1537 et
689 1468 867 1559 ipsos
905 1467 1267 1538 communis
1286 1482 1384 1538 est
1409 1469 1598 1538 facta.
1636 1471 1882 1537 Rursus
1909 1479 2107 1537 totam
2137 1478 2372 1535 terram
2399 1488 2580 1535 suam
2613 1468 2693 1536 de

417 1580 579 1650 villa
609 1582 935 1668 Gauberti,
962 1597 1132 1654 extra
1159 1604 1395 1673 corpus
1415 1581 1619 1673 ipsius
1641 1583 1788 1652 ville
1810 1595 2211 1671 etarpennos
2228 1578 2553 1670 hospitum
2579 1578 2688 1671 qui

421 1718 697 1786 semper
727 1710 798 1766 ut
825 1711 1008 1767 autea
1040 1697 1105 1766 in
1133 1719 1355 1767 eorum
1406 1695 1791 1786 proprietate
1831 1696 2324 1786 permanebunt,
2379 1692 2690 1786 reliquam

419 1822 635 1878 totam
666 1809 833 1881 inter
879 1833 999 1881 nos
1036 1825 1100 1881 et
1154 1812 1329 1900 ipsos
1376 1823 1844 1879 concesserunt
1892 1830 2040 1879 esse
2083 1830 2519 1878 communem.
2563 1811 2691 1878 Nos

423 1946 590 1994 vero
632 1922 937 2014 quicquid
981 1925 1234 1994 decime
1266 1923 1325 1993 in
1373 1921 1658 2015 predicta
1719 1922 1861 1992 villa
1900 1926 1996 1993 vel
2051 1920 2373 1992 territorio
2413 1924 2692 1992 habeba-

422 2061 580 2107 mus
612 2037 1001 2128 etquicquid
1041 2037 1103 2107 in
1133 2053 1296 2109 terra
1338 2040 1415 2108 de
1433 2042 1824 2108 Nosemento
1850 2051 1914 2107 et
1945 2035 2008 2105 in
2041 2050 2205 2107 terra
2239 2058 2364 2127 que
2398 2034 2512 2105 fuit
2534 2040 2690 2107 Her-

424 2150 597 2221 berti
639 2154 718 2221 de
750 2156 1020 2222 Boscato
1047 2166 1173 2222 tam
1226 2151 1287 2220 in
1318 2150 1589 2242 terragio
1621 2173 1810 2241 quam
1860 2153 1926 2219 in
1970 2149 2217 2220 decima
2259 2149 2425 2220 inter
2463 2172 2598 2220 nos
2625 2166 2689 2221 et

424 2269 714 2355 prefatos
754 2265 1024 2337 clericos
1067 2289 1406 2337 commune
1433 2289 1580 2336 esse
1606 2267 2080 2336 concessimus.
2129 2269 2250 2334 Has
2284 2287 2511 2335 omnes
2552 2287 2690 2356 pre·

424 2381 647 2450 dictas
686 2392 888 2450 terras
931 2393 1058 2450 tam
1101 2404 1175 2450 ex
1216 2396 1455 2450 nostrae
1519 2403 1707 2458 Quam
1751 2401 1824 2450 ex
1902 2379 2282 2449 clericorum
2351 2393 2528 2469 parte
2602 2380 2687 2448 ita

423 2515 814 2564 communes
855 2493 1125 2564 fecimus
1159 2508 1226 2563 ut
1263 2508 1464 2565 totum
1494 2480 1867 2584 terragium,
1894 2493 2164 2575 decima,
2195 2491 2476 2582 justicia,
2515 2506 2687 2563 totus

422 2606 698 2676 omnino
723 2630 940 2677 earum
977 2613 1299 2698 profectus
1327 2630 1586 2698 quoquo
1627 2610 1821 2678 modo
1865 2611 2196 2698 proveniat
2237 2606 2403 2676 inter
2459 2629 2576 2676 nos
2625 2621 2688 2676 et

422 2719 702 2792 clericos
741 2719 1057 2812 equaliter
1096 2736 1287 2811 atque
1316 2720 1597 2792 fideliter.
1630 2745 1742 2812 per
1770 2720 2050 2792 medium
2086 2718 2400 2792 dividatur
2430 2744 2444 2790 ε
2483 2718 2689 2790 scien-

423 2837 580 2937 dum
610 2858 862 2926 quoque
904 2835 1049 2926 quia
1082 2841 1247 2906 111101·
1282 2841 1499 2907 oscbte
1538 2858 1663 2926 que
1699 2836 1904 2907 vicine
1935 2839 2182 2907 culture
2223 2851 2441 2907 nostre
2505 2849 2686 2905 erant

422 2947 485 3017 in
516 2965 738 3019 nostra
764 2950 1151 3041 proprietate
1170 2973 1425 3041 semper
1452 2953 1900 3033 remanebunt,
1930 2953 2077 3040 quia
2130 2974 2241 3042 pro
2266 2950 2423 3040 ipsis
2454 2972 2686 3019 conve-

424 3064 712 3134 nientem
755 3064 1013 3135 clericis
1040 3064 1311 3135 fecimus
1349 3065 1910 3156 permutationem.
1959 3069 2087 3135 Hoc
2153 3063 2342 3135 etiam
2386 3065 2685 3135 addimus

422 3179 572 3265 quia
615 3176 918 3267 quicquid
962 3201 1076 3267 pro
1103 3177 1289 3248 terris
1332 3178 1474 3248 istis
1532 3177 1986 3248 communibus
2052 3176 2185 3247 sive
2231 3199 2339 3268 pro
2413 3176 2679 3248 mestiva

425 3289 931 3379 presbiterorum
969 3289 1101 3361 sive
1135 3314 1247 3381 pro
1305 3291 1696 3362 modiatione
1738 3291 2009 3361 militum
2077 3313 2282 3381 usque
2355 3294 2432 3362 ad
2511 3293 2682 3361 diem

425 3402 601 3493 pacis
637 3408 827 3493 hujus
866 3427 899 3474 a
943 3403 1130 3475 nobis
1169 3408 1532 3475 solvebatur
1560 3409 1638 3475 ‹le
1667 3405 1993 3475 communi
2034 3421 2157 3475 tam
2220 3420 2439 3475 nostra
2493 3428 2682 3495 quam

424 3520 809 3588 clericorum
853 3541 1106 3588 annona
1137 3517 1444 3610 deinceps
1483 3521 1809 3590 reddetur.
1866 3522 1957 3589 De
1986 3517 2292 3609 predictis
2338 3516 2674 3589 territoriis

425 3631 708 3721 istisque
729 3630 1094 3703 communia
1127 3631 1435 3723 deinceps
1458 3647 1668 3717 erunt,
1707 3648 1909 3702 terras
1941 3656 2100 3722 quas
2126 3632 2423 3703 homines
2451 3636 2682 3703 Sancte

427 3743 650 3815 Crucis
690 3748 1021 3815 coluerant
1060 3749 1271 3816 colent
1297 3760 1360 3816 et
1382 3744 1694 3833 {homines
1739 3746 1944 3816 sancti
1986 3744 2330 3817 Florentini
2391 3744 2683 3815 similiter

428 3880 599 3931 suas,
663 3863 973 3929 Graneam
1029 3882 1439 3931 communem
1505 3859 1962 3931 communibus
2019 3859 2320 3950 expensis
2371 3874 2497 3929 tam
2558 3882 2680 3930 nos

427 3994 611 4061 quam
656 3971 869 4042 clerici
913 3970 1148 4062 pariter
1175 3988 1651 4043 construemus,
1698 3978 2014 4065 Tempore
2043 3974 2357 4044 messium
2407 3976 2484 4043 ad
2526 3996 2680 4043 con-

428 4088 781 4176 gregandas
822 4100 886 4157 et
918 4084 1374 4156 custodiendas
1413 4110 1660 4157 messes
1691 4087 2076 4157 servientem
2132 4103 2418 4157 nostrum
2479 4111 2678 4178 pone-

430 4221 566 4269 mus
605 4198 959 4289 clericique
995 4223 1183 4270 suum
1215 4199 1319 4291 qui
1357 4199 1725 4271 fidelitatem
1766 4204 1957 4271 nobis
1998 4202 2213 4283 faciet,
2249 4216 2471 4272 nostro
2499 4202 2677 4271 simi-

433 4310 566 4383 liter
606 4315 777 4383 idem
821 4313 916 4383 eis
944 4313 1239 4384 faciente.
1288 4316 1555 4405 Reliquo
1585 4330 1874 4405 tempore
1923 4340 2117 4385 unum
2177 4318 2271 4385 vel
2328 4318 2490 4386 duos
2545 4338 2676 4385 ser-

440 4428 677 4499 vientes
708 4431 1139 4500 communiter
1164 4430 1504 4519 eligemus,
1547 4430 1651 4521 qui
1687 4435 1848 4500 facta
1893 4447 2017 4502 tam
2050 4431 2236 4502 nobis
2275 4455 2466 4521 quam
2491 4433 2676 4503 cleri-

437 4540 521 4612 cis
552 4545 857 4614 fidelitate
884 4546 961 4613 de
985 4543 1325 4614 forisfactis
1350 4559 1409 4615 et
1433 4543 1695 4634 justicia
1723 4559 1787 4615 et
1819 4545 2175 4616 redditibus
2215 4548 2292 4616 ad
2325 4545 2675 4637 predictam

437 4665 655 4726 terram
699 4679 1112 4728 communem
1152 4658 1623 4748 pertinentibus
1654 4681 1871 4729 curam
1905 4662 2231 4731 habebunt
2271 4675 2332 4731 et
2383 4660 2570 4731 nobis
2615 4677 2678 4733 et
