<?xml version="1.0" encoding="UTF-8"?>
<!DOCTYPE html PUBLIC "-//W3C//DTD XHTML 1.0 Transitional//EN"
    "http://www.w3.org/TR/xhtml1/DTD/xhtml1-transitional.dtd">
<html xmlns="http://www.w3.org/1999/xhtml" xml:lang="en" lang="en">
 <head>
  <title>
</title>
<meta http-equiv="Content-Type" content="text/html;charset=utf-8" />
  <meta name='ocr-system' content='tesseract 3.04.00' />
  <meta name='ocr-capabilities' content='ocr_page ocr_carea ocr_par ocr_line ocrx_word'/>
</head>
<body>
  <div class='ocr_page' id='page_1' title='image "./cartulairedesai00thilgoog_0719.png"; bbox 0 0 3485 5571; ppageno 0'>
   <div class='ocr_carea' id='block_1_1' title="bbox 505 672 2768 4530">
    <p class='ocr_par' dir='ltr' id='par_1_1' title="bbox 605 672 2764 892">
     <span class='ocr_line' id='line_1_1' title="bbox 1462 672 1825 737; baseline 0 -15"><span class='ocrx_word' id='word_1_1' title='bbox 1462 707 1541 722; x_wconf 91' lang='lat'>...</span> <span class='ocrx_word' id='word_1_2' title='bbox 1584 672 1698 737; x_wconf 69' lang='grc'><strong>53·-</strong></span> <span class='ocrx_word' id='word_1_3' title='bbox 1746 707 1825 722; x_wconf 87' lang='grc'>..-</span> 
     </span>
     <span class='ocr_line' id='line_1_2' title="bbox 605 798 2764 892; baseline -0.001 -19"><span class='ocrx_word' id='word_1_4' title='bbox 605 806 885 874; x_wconf 86' lang='lat' dir='ltr'>claustro</span> <span class='ocrx_word' id='word_1_5' title='bbox 908 804 1139 875; x_wconf 84' lang='lat' dir='ltr'>Sancte</span> <span class='ocrx_word' id='word_1_6' title='bbox 1169 800 1390 873; x_wconf 83' lang='lat' dir='ltr'><strong>Crucis</strong></span> <span class='ocrx_word' id='word_1_7' title='bbox 1422 803 1487 872; x_wconf 93' lang='lat' dir='ltr'>in</span> <span class='ocrx_word' id='word_1_8' title='bbox 1526 801 1860 873; x_wconf 82' lang='lat' dir='ltr'>Nativitate</span> <span class='ocrx_word' id='word_1_9' title='bbox 1891 799 2145 873; x_wconf 87' lang='lat' dir='ltr'>Domini</span> <span class='ocrx_word' id='word_1_10' title='bbox 2183 798 2467 892; x_wconf 89' lang='lat' dir='ltr'>quinque</span> <span class='ocrx_word' id='word_1_11' title='bbox 2492 800 2764 873; x_wconf 87' lang='lat' dir='ltr'>solidos.</span> 
     </span>
    </p>

    <p class='ocr_par' dir='ltr' id='par_1_2' title="bbox 516 912 2767 1216">
     <span class='ocr_line' id='line_1_3' title="bbox 516 912 2766 1007; baseline -0.001 -19"><span class='ocrx_word' id='word_1_12' title='bbox 516 919 984 988; x_wconf 78' lang='lat' dir='ltr'>Advertendum</span> <span class='ocrx_word' id='word_1_13' title='bbox 1016 917 1191 1007; x_wconf 89' lang='lat' dir='ltr'>quod</span> <span class='ocrx_word' id='word_1_14' title='bbox 1220 917 1416 987; x_wconf 90' lang='lat' dir='ltr'>hodie</span> <span class='ocrx_word' id='word_1_15' title='bbox 1455 917 1646 986; x_wconf 87' lang='lat' dir='ltr'>habet</span> <span class='ocrx_word' id='word_1_16' title='bbox 1680 938 1792 1007; x_wconf 92' lang='lat' dir='ltr'>pro</span> <span class='ocrx_word' id='word_1_17' title='bbox 1817 914 1963 986; x_wconf 90' lang='lat' dir='ltr'>istis</span> <span class='ocrx_word' id='word_1_18' title='bbox 2008 913 2213 986; x_wconf 85' lang='lat' dir='ltr'>stallis</span> <span class='ocrx_word' id='word_1_19' title='bbox 2244 928 2308 985; x_wconf 88' lang='lat' dir='ltr'>et</span> <span class='ocrx_word' id='word_1_20' title='bbox 2345 912 2617 987; x_wconf 81' lang='lat' dir='ltr'>cambiis</span> <span class='ocrx_word' id='word_1_21' title='bbox 2655 937 2766 985; x_wconf 90' lang='lat' dir='ltr'>su-</span> 
     </span>
     <span class='ocr_line' id='line_1_4' title="bbox 605 1028 2767 1123; baseline -0.001 -22"><span class='ocrx_word' id='word_1_22' title='bbox 605 1053 719 1123; x_wconf 90' lang='lat' dir='ltr'>per</span> <span class='ocrx_word' id='word_1_23' title='bbox 761 1033 990 1101; x_wconf 79' lang='lat' dir='ltr'><strong>abbate</strong></span> <span class='ocrx_word' id='word_1_24' title='bbox 1055 1031 1274 1101; x_wconf 79' lang='lat' dir='ltr'>Sancti</span> <span class='ocrx_word' id='word_1_25' title='bbox 1338 1028 1664 1100; x_wconf 80' lang='lat' dir='ltr'>Maximini</span> <span class='ocrx_word' id='word_1_26' title='bbox 1723 1043 1788 1100; x_wconf 90' lang='lat' dir='ltr'>et</span> <span class='ocrx_word' id='word_1_27' title='bbox 1833 1028 2116 1121; x_wconf 80' lang='lat' dir='ltr'>prioratu</span> <span class='ocrx_word' id='word_1_28' title='bbox 2188 1029 2402 1101; x_wconf 81' lang='lat' dir='ltr'>Sancti</span> <span class='ocrx_word' id='word_1_29' title='bbox 2457 1030 2767 1100; x_wconf 75' lang='lat' dir='ltr'>SansouIs</span> 
     </span>
     <span class='ocr_line' id='line_1_5' title="bbox 602 1147 988 1216; baseline -0.005 0"><span class='ocrx_word' id='word_1_30' title='bbox 602 1148 732 1216; x_wconf 88' lang='lat' dir='ltr'>XVI</span> <span class='ocrx_word' id='word_1_31' title='bbox 763 1147 988 1216; x_wconf 89' lang='lat' dir='ltr'>libras.</span> 
     </span>
    </p>

    <p class='ocr_par' dir='ltr' id='par_1_3' title="bbox 513 1254 2768 1560">
     <span class='ocr_line' id='line_1_6' title="bbox 513 1254 2766 1350; baseline -0.001 -20"><span class='ocrx_word' id='word_1_32' title='bbox 513 1264 672 1331; x_wconf 90' lang='lat' dir='ltr'>Item</span> <span class='ocrx_word' id='word_1_33' title='bbox 705 1262 898 1331; x_wconf 87' lang='lat' dir='ltr'>habet</span> <span class='ocrx_word' id='word_1_34' title='bbox 938 1257 1149 1330; x_wconf 90' lang='lat' dir='ltr'>dictus</span> <span class='ocrx_word' id='word_1_35' title='bbox 1183 1261 1469 1330; x_wconf 81' lang='lat' dir='ltr'>decanus</span> <span class='ocrx_word' id='word_1_36' title='bbox 1514 1259 1954 1330; x_wconf 82' lang='lat' dir='ltr'>omnimodam</span> <span class='ocrx_word' id='word_1_37' title='bbox 1987 1254 2441 1350; x_wconf 82' lang='lat' dir='ltr'>juridicionem</span> <span class='ocrx_word' id='word_1_38' title='bbox 2484 1258 2551 1328; x_wconf 93' lang='lat' dir='ltr'>in</span> <span class='ocrx_word' id='word_1_39' title='bbox 2595 1259 2766 1329; x_wconf 84' lang='lat' dir='ltr'>dicto</span> 
     </span>
     <span class='ocr_line' id='line_1_7' title="bbox 604 1369 2768 1464; baseline -0.002 -18"><span class='ocrx_word' id='word_1_40' title='bbox 604 1376 884 1446; x_wconf 79' lang='lat' dir='ltr'>claustro</span> <span class='ocrx_word' id='word_1_41' title='bbox 922 1385 986 1445; x_wconf 90' lang='lat' dir='ltr'>et</span> <span class='ocrx_word' id='word_1_42' title='bbox 1014 1371 1290 1446; x_wconf 86' lang='lat' dir='ltr'>ecclesia</span> <span class='ocrx_word' id='word_1_43' title='bbox 1316 1377 1551 1445; x_wconf 91' lang='lat' dir='ltr'>Sancte</span> <span class='ocrx_word' id='word_1_44' title='bbox 1586 1371 1836 1458; x_wconf 87' lang='lat' dir='ltr'>Crucis,</span> <span class='ocrx_word' id='word_1_45' title='bbox 1868 1371 2152 1464; x_wconf 84' lang='lat' dir='ltr'>exceptis</span> <span class='ocrx_word' id='word_1_46' title='bbox 2181 1374 2378 1444; x_wconf 91' lang='lat' dir='ltr'>choro</span> <span class='ocrx_word' id='word_1_47' title='bbox 2401 1385 2465 1444; x_wconf 91' lang='lat' dir='ltr'>et</span> <span class='ocrx_word' id='word_1_48' title='bbox 2491 1369 2768 1444; x_wconf 88' lang='lat' dir='ltr'>circuitu</span> 
     </span>
     <span class='ocr_line' id='line_1_8' title="bbox 605 1488 1005 1560; baseline 0.003 -1"><span class='ocrx_word' id='word_1_49' title='bbox 605 1488 761 1559; x_wconf 88' lang='lat' dir='ltr'>dicti</span> <span class='ocrx_word' id='word_1_50' title='bbox 802 1490 1005 1560; x_wconf 91' lang='lat' dir='ltr'>chori.</span> 
     </span>
    </p>

    <p class='ocr_par' dir='ltr' id='par_1_4' title="bbox 511 1596 2765 2266">
     <span class='ocr_line' id='line_1_9' title="bbox 511 1596 2761 1693; baseline 0 -23"><span class='ocrx_word' id='word_1_51' title='bbox 511 1604 669 1672; x_wconf 89' lang='lat' dir='ltr'>Item</span> <span class='ocrx_word' id='word_1_52' title='bbox 701 1604 892 1672; x_wconf 88' lang='lat' dir='ltr'>babet</span> <span class='ocrx_word' id='word_1_53' title='bbox 932 1601 1142 1672; x_wconf 84' lang='lat' dir='ltr'>dictus</span> <span class='ocrx_word' id='word_1_54' title='bbox 1183 1603 1467 1672; x_wconf 88' lang='lat' dir='ltr'>decanus</span> <span class='ocrx_word' id='word_1_55' title='bbox 1500 1602 2009 1672; x_wconf 91' lang='lat' dir='ltr'>emolumentum</span> <span class='ocrx_word' id='word_1_56' title='bbox 2039 1612 2311 1693; x_wconf 83' lang='lat' dir='ltr'>quatuor</span> <span class='ocrx_word' id='word_1_57' title='bbox 2334 1596 2761 1671; x_wconf 88' lang='lat' dir='ltr'>nundinarum</span> 
     </span>
     <span class='ocr_line' id='line_1_10' title="bbox 599 1715 2765 1803; baseline 0.001 -17"><span class='ocrx_word' id='word_1_58' title='bbox 599 1716 663 1786; x_wconf 93' lang='lat' dir='ltr'>in</span> <span class='ocrx_word' id='word_1_59' title='bbox 705 1715 877 1787; x_wconf 92' lang='lat' dir='ltr'>dicto</span> <span class='ocrx_word' id='word_1_60' title='bbox 931 1720 1211 1789; x_wconf 84' lang='lat' dir='ltr'>claustro</span> <span class='ocrx_word' id='word_1_61' title='bbox 1258 1715 1707 1803; x_wconf 84' lang='lat' dir='ltr'>existencium,</span> <span class='ocrx_word' id='word_1_62' title='bbox 1750 1717 2050 1790; x_wconf 85' lang='lat' dir='ltr'>videlicet</span> <span class='ocrx_word' id='word_1_63' title='bbox 2083 1720 2188 1790; x_wconf 91' lang='lat' dir='ltr'>die</span> <span class='ocrx_word' id='word_1_64' title='bbox 2216 1716 2514 1790; x_wconf 91' lang='lat' dir='ltr'>mercurii</span> <span class='ocrx_word' id='word_1_65' title='bbox 2550 1719 2620 1789; x_wconf 91' lang='lat' dir='ltr'>in</span> <span class='ocrx_word' id='word_1_66' title='bbox 2660 1740 2765 1788; x_wconf 84' lang='lat' dir='ltr'>ca·</span> 
     </span>
     <span class='ocr_line' id='line_1_11' title="bbox 601 1829 1008 1923; baseline 0.002 -23"><span class='ocrx_word' id='word_1_67' title='bbox 601 1829 730 1922; x_wconf 91' lang='lat' dir='ltr'>pite</span> <span class='ocrx_word' id='word_1_68' title='bbox 751 1829 1008 1923; x_wconf 86' lang='lat' dir='ltr'>jejunii,</span> 
     </span>
     <span class='ocr_line' id='line_1_12' title="bbox 601 1944 1807 2036; baseline 0.001 -20"><span class='ocrx_word' id='word_1_69' title='bbox 601 1950 759 2017; x_wconf 90' lang='lat' dir='ltr'>item</span> <span class='ocrx_word' id='word_1_70' title='bbox 798 1944 901 2017; x_wconf 89' lang='lat' dir='ltr'>die</span> <span class='ocrx_word' id='word_1_71' title='bbox 941 1948 1090 2018; x_wconf 87' lang='lat' dir='ltr'>que</span> <span class='ocrx_word' id='word_1_72' title='bbox 1131 1960 1278 2036; x_wconf 90' lang='lat' dir='ltr'>post</span> <span class='ocrx_word' id='word_1_73' title='bbox 1317 1947 1807 2029; x_wconf 79' lang='lat' dir='ltr'>penthecostes,</span> 
     </span>
     <span class='ocr_line' id='line_1_13' title="bbox 599 2058 2045 2147; baseline 0.001 -18"><span class='ocrx_word' id='word_1_74' title='bbox 599 2063 755 2130; x_wconf 88' lang='lat' dir='ltr'>item</span> <span class='ocrx_word' id='word_1_75' title='bbox 793 2058 857 2130; x_wconf 91' lang='lat' dir='ltr'>in</span> <span class='ocrx_word' id='word_1_76' title='bbox 902 2063 1066 2131; x_wconf 87' lang='lat' dir='ltr'>Iesto</span> <span class='ocrx_word' id='word_1_77' title='bbox 1092 2060 1501 2132; x_wconf 83' lang='lat' dir='ltr'>Invencionis</span> <span class='ocrx_word' id='word_1_78' title='bbox 1538 2074 1763 2132; x_wconf 88' lang='lat' dir='ltr'>sancte</span> <span class='ocrx_word' id='word_1_79' title='bbox 1799 2059 2045 2147; x_wconf 87' lang='lat' dir='ltr'>Crucis,</span> 
     </span>
     <span class='ocr_line' id='line_1_14' title="bbox 599 2172 2217 2266; baseline 0.001 -23"><span class='ocrx_word' id='word_1_80' title='bbox 599 2172 748 2245; x_wconf 90' lang='lat' dir='ltr'>item</span> <span class='ocrx_word' id='word_1_81' title='bbox 782 2174 846 2244; x_wconf 91' lang='lat' dir='ltr'>in</span> <span class='ocrx_word' id='word_1_82' title='bbox 887 2177 1058 2246; x_wconf 86' lang='lat' dir='ltr'>Iesto</span> <span class='ocrx_word' id='word_1_83' title='bbox 1093 2173 1504 2245; x_wconf 87' lang='lat' dir='ltr'>ExaItacione</span> <span class='ocrx_word' id='word_1_84' title='bbox 1546 2177 1691 2266; x_wconf 77' lang='lat' dir='ltr'>(sic)</span> <span class='ocrx_word' id='word_1_85' title='bbox 1717 2188 1941 2246; x_wconf 90' lang='lat' dir='ltr'>sancte</span> <span class='ocrx_word' id='word_1_86' title='bbox 1967 2173 2217 2245; x_wconf 90' lang='lat' dir='ltr'>Crucis.</span> 
     </span>
    </p>

    <p class='ocr_par' dir='ltr' id='par_1_5' title="bbox 509 2286 2761 2585">
     <span class='ocr_line' id='line_1_15' title="bbox 509 2286 2761 2380; baseline 0.001 -24"><span class='ocrx_word' id='word_1_87' title='bbox 509 2290 667 2357; x_wconf 90' lang='lat' dir='ltr'>Item</span> <span class='ocrx_word' id='word_1_88' title='bbox 708 2289 897 2359; x_wconf 87' lang='lat' dir='ltr'>babet</span> <span class='ocrx_word' id='word_1_89' title='bbox 937 2286 1148 2359; x_wconf 91' lang='lat' dir='ltr'>dictus</span> <span class='ocrx_word' id='word_1_90' title='bbox 1186 2289 1470 2359; x_wconf 87' lang='lat' dir='ltr'>decanus</span> <span class='ocrx_word' id='word_1_91' title='bbox 1509 2288 1572 2358; x_wconf 93' lang='lat' dir='ltr'>in</span> <span class='ocrx_word' id='word_1_92' title='bbox 1615 2291 1807 2359; x_wconf 90' lang='lat' dir='ltr'>bursa</span> <span class='ocrx_word' id='word_1_93' title='bbox 1847 2286 2112 2379; x_wconf 87' lang='lat' dir='ltr'>capituli</span> <span class='ocrx_word' id='word_1_94' title='bbox 2148 2288 2212 2357; x_wconf 92' lang='lat' dir='ltr'>in</span> <span class='ocrx_word' id='word_1_95' title='bbox 2253 2300 2557 2380; x_wconf 90' lang='lat' dir='ltr'>computo</span> <span class='ocrx_word' id='word_1_96' title='bbox 2576 2288 2761 2359; x_wconf 88' lang='lat' dir='ltr'>Puri-</span> 
     </span>
     <span class='ocr_line' id='line_1_16' title="bbox 601 2397 2752 2492; baseline 0.001 -24"><span class='ocrx_word' id='word_1_97' title='bbox 601 2398 930 2471; x_wconf 90' lang='lat' dir='ltr'>ficacionis</span> <span class='ocrx_word' id='word_1_98' title='bbox 971 2403 1154 2471; x_wconf 89' lang='lat' dir='ltr'>beate</span> <span class='ocrx_word' id='word_1_99' title='bbox 1210 2397 1395 2471; x_wconf 80' lang='lat' dir='ltr'>Marie</span> <span class='ocrx_word' id='word_1_100' title='bbox 1432 2403 1590 2471; x_wconf 90' lang='lat' dir='ltr'>XXX</span> <span class='ocrx_word' id='word_1_101' title='bbox 1645 2401 1913 2484; x_wconf 81' lang='lat' dir='ltr'>solidos,</span> <span class='ocrx_word' id='word_1_102' title='bbox 1956 2423 2121 2491; x_wconf 89' lang='lat' dir='ltr'>quos</span> <span class='ocrx_word' id='word_1_103' title='bbox 2157 2398 2475 2492; x_wconf 81' lang='lat' dir='ltr'>presbiter</span> <span class='ocrx_word' id='word_1_104' title='bbox 2530 2402 2752 2473; x_wconf 81' lang='lat' dir='ltr'>Sancti</span> 
     </span>
     <span class='ocr_line' id='line_1_17' title="bbox 601 2512 1130 2585; baseline 0.004 -2"><span class='ocrx_word' id='word_1_105' title='bbox 601 2512 831 2583; x_wconf 84' lang='lat' dir='ltr'>Privati</span> <span class='ocrx_word' id='word_1_106' title='bbox 861 2515 1130 2585; x_wconf 83' lang='lat' dir='ltr'>solebat.</span> 
     </span>
    </p>

    <p class='ocr_par' dir='ltr' id='par_1_6' title="bbox 508 2626 2142 2719">
     <span class='ocr_line' id='line_1_18' title="bbox 508 2626 2142 2719; baseline 0 -20"><span class='ocrx_word' id='word_1_107' title='bbox 508 2632 666 2699; x_wconf 86' lang='lat' dir='ltr'>Item</span> <span class='ocrx_word' id='word_1_108' title='bbox 700 2626 858 2700; x_wconf 90' lang='lat' dir='ltr'>etin</span> <span class='ocrx_word' id='word_1_109' title='bbox 899 2640 1203 2719; x_wconf 89' lang='lat' dir='ltr'>computo</span> <span class='ocrx_word' id='word_1_110' title='bbox 1234 2632 1650 2700; x_wconf 86' lang='lat' dir='ltr'>Pentecostes</span> <span class='ocrx_word' id='word_1_111' title='bbox 1676 2631 1840 2700; x_wconf 91' lang='lat' dir='ltr'>XXV</span> <span class='ocrx_word' id='word_1_112' title='bbox 1870 2631 2142 2700; x_wconf 84' lang='lat' dir='ltr'>solidos.</span> 
     </span>
    </p>

    <p class='ocr_par' dir='ltr' id='par_1_7' title="bbox 508 2741 2760 3062">
     <span class='ocr_line' id='line_1_19' title="bbox 508 2741 2760 2835; baseline 0.001 -20"><span class='ocrx_word' id='word_1_113' title='bbox 508 2748 662 2816; x_wconf 89' lang='lat' dir='ltr'>Item</span> <span class='ocrx_word' id='word_1_114' title='bbox 716 2745 885 2835; x_wconf 91' lang='lat' dir='ltr'>apud</span> <span class='ocrx_word' id='word_1_115' title='bbox 944 2747 1247 2814; x_wconf 86' lang='lat' dir='ltr'>Sanctum</span> <span class='ocrx_word' id='word_1_116' title='bbox 1310 2741 1738 2824; x_wconf 80' lang='lat' dir='ltr'>Maximinum,</span> <span class='ocrx_word' id='word_1_117' title='bbox 1775 2745 1843 2814; x_wconf 91' lang='lat' dir='ltr'>in</span> <span class='ocrx_word' id='word_1_118' title='bbox 1881 2746 2044 2816; x_wconf 81' lang='lat' dir='ltr'>festo</span> <span class='ocrx_word' id='word_1_119' title='bbox 2082 2745 2495 2816; x_wconf 87' lang='lat' dir='ltr'>Invencionis</span> <span class='ocrx_word' id='word_1_120' title='bbox 2536 2759 2760 2818; x_wconf 89' lang='lat' dir='ltr'>sancte</span> 
     </span>
     <span class='ocr_line' id='line_1_20' title="bbox 599 2855 2756 2951; baseline 0 -22"><span class='ocrx_word' id='word_1_121' title='bbox 599 2859 846 2942; x_wconf 82' lang='lat' dir='ltr'>Crucis,</span> <span class='ocrx_word' id='word_1_122' title='bbox 871 2859 1156 2948; x_wconf 87' lang='lat' dir='ltr'>quinque</span> <span class='ocrx_word' id='word_1_123' title='bbox 1182 2855 1426 2929; x_wconf 85' lang='lat' dir='ltr'>solidos</span> <span class='ocrx_word' id='word_1_124' title='bbox 1466 2871 1530 2929; x_wconf 88' lang='lat' dir='ltr'>et</span> <span class='ocrx_word' id='word_1_125' title='bbox 1566 2862 1645 2928; x_wconf 91' lang='lat' dir='ltr'>IX</span> <span class='ocrx_word' id='word_1_126' title='bbox 1683 2856 1981 2929; x_wconf 87' lang='lat' dir='ltr'>denarios</span> <span class='ocrx_word' id='word_1_127' title='bbox 2012 2860 2092 2929; x_wconf 91' lang='lat' dir='ltr'>de</span> <span class='ocrx_word' id='word_1_128' title='bbox 2117 2881 2318 2929; x_wconf 89' lang='lat' dir='ltr'>censu</span> <span class='ocrx_word' id='word_1_129' title='bbox 2339 2856 2449 2951; x_wconf 89' lang='lat' dir='ltr'>qui</span> <span class='ocrx_word' id='word_1_130' title='bbox 2487 2861 2756 2931; x_wconf 89' lang='lat' dir='ltr'>debetur</span> 
     </span>
     <span class='ocr_line' id='line_1_21' title="bbox 598 2969 2307 3062; baseline 0.002 -21"><span class='ocrx_word' id='word_1_131' title='bbox 598 2995 710 3062; x_wconf 91' lang='lat' dir='ltr'>pro</span> <span class='ocrx_word' id='word_1_132' title='bbox 749 2973 938 3043; x_wconf 90' lang='lat' dir='ltr'>terris</span> <span class='ocrx_word' id='word_1_133' title='bbox 958 2969 1099 3042; x_wconf 89' lang='lat' dir='ltr'>sitis</span> <span class='ocrx_word' id='word_1_134' title='bbox 1139 2969 1200 3040; x_wconf 93' lang='lat' dir='ltr'>in</span> <span class='ocrx_word' id='word_1_135' title='bbox 1224 2974 1504 3042; x_wconf 87' lang='lat' dir='ltr'>claustro</span> <span class='ocrx_word' id='word_1_136' title='bbox 1524 2971 1630 3062; x_wconf 86' lang='lat' dir='ltr'>qui</span> <span class='ocrx_word' id='word_1_137' title='bbox 1661 2970 1895 3042; x_wconf 91' lang='lat' dir='ltr'>dicitur</span> <span class='ocrx_word' id='word_1_138' title='bbox 1934 2970 2307 3044; x_wconf 88' lang='lat' dir='ltr'>Puthechie.</span> 
     </span>
    </p>

    <p class='ocr_par' dir='ltr' id='par_1_8' title="bbox 508 3085 2593 3177">
     <span class='ocr_line' id='line_1_22' title="bbox 508 3085 2593 3177; baseline 0.001 -21"><span class='ocrx_word' id='word_1_139' title='bbox 508 3091 664 3156; x_wconf 88' lang='lat' dir='ltr'>Item</span> <span class='ocrx_word' id='word_1_140' title='bbox 699 3099 760 3157; x_wconf 91' lang='lat' dir='ltr'>et</span> <span class='ocrx_word' id='word_1_141' title='bbox 794 3088 1105 3177; x_wconf 87' lang='lat' dir='ltr'>quociens</span> <span class='ocrx_word' id='word_1_142' title='bbox 1147 3099 1427 3155; x_wconf 90' lang='lat' dir='ltr'>mutatur</span> <span class='ocrx_word' id='word_1_143' title='bbox 1464 3087 1753 3156; x_wconf 89' lang='lat' dir='ltr'>decanus</span> <span class='ocrx_word' id='word_1_144' title='bbox 1784 3088 2101 3157; x_wconf 86' lang='lat' dir='ltr'>debentur</span> <span class='ocrx_word' id='word_1_145' title='bbox 2131 3085 2593 3160; x_wconf 85' lang='lat' dir='ltr'>relevaciones.</span> 
     </span>
    </p>

    <p class='ocr_par' dir='ltr' id='par_1_9' title="bbox 507 3198 2754 3519">
     <span class='ocr_line' id='line_1_23' title="bbox 507 3198 2748 3290; baseline 0.001 -20"><span class='ocrx_word' id='word_1_146' title='bbox 507 3204 661 3272; x_wconf 90' lang='lat' dir='ltr'>Item</span> <span class='ocrx_word' id='word_1_147' title='bbox 717 3214 782 3271; x_wconf 91' lang='lat' dir='ltr'>et</span> <span class='ocrx_word' id='word_1_148' title='bbox 835 3198 1143 3290; x_wconf 87' lang='lat' dir='ltr'>quociens</span> <span class='ocrx_word' id='word_1_149' title='bbox 1199 3200 1563 3270; x_wconf 86' lang='lat' dir='ltr'>venduntur</span> <span class='ocrx_word' id='word_1_150' title='bbox 1615 3211 1782 3270; x_wconf 91' lang='lat' dir='ltr'>terre</span> <span class='ocrx_word' id='word_1_151' title='bbox 1845 3200 1924 3270; x_wconf 91' lang='lat' dir='ltr'>de</span> <span class='ocrx_word' id='word_1_152' title='bbox 1957 3199 2193 3290; x_wconf 89' lang='lat' dir='ltr'>quibus</span> <span class='ocrx_word' id='word_1_153' title='bbox 2233 3203 2504 3272; x_wconf 88' lang='lat' dir='ltr'>debetur</span> <span class='ocrx_word' id='word_1_154' title='bbox 2536 3201 2748 3274; x_wconf 89' lang='lat' dir='ltr'>dictus</span> 
     </span>
     <span class='ocr_line' id='line_1_24' title="bbox 596 3311 2754 3404; baseline 0.001 -19"><span class='ocrx_word' id='word_1_155' title='bbox 596 3336 857 3399; x_wconf 76' lang='lat' dir='ltr'>censuS,</span> <span class='ocrx_word' id='word_1_156' title='bbox 896 3326 960 3384; x_wconf 92' lang='lat' dir='ltr'>et</span> <span class='ocrx_word' id='word_1_157' title='bbox 989 3315 1304 3384; x_wconf 86' lang='lat' dir='ltr'>debentur</span> <span class='ocrx_word' id='word_1_158' title='bbox 1342 3335 1458 3404; x_wconf 93' lang='lat' dir='ltr'>pro</span> <span class='ocrx_word' id='word_1_159' title='bbox 1495 3311 1685 3383; x_wconf 89' lang='lat' dir='ltr'>dictis</span> <span class='ocrx_word' id='word_1_160' title='bbox 1713 3311 2223 3384; x_wconf 85' lang='lat' dir='ltr'>relevacionibus</span> <span class='ocrx_word' id='word_1_161' title='bbox 2257 3328 2321 3385; x_wconf 91' lang='lat' dir='ltr'>et</span> <span class='ocrx_word' id='word_1_162' title='bbox 2349 3314 2754 3391; x_wconf 83' lang='lat' dir='ltr'>vendicioni-</span> 
     </span>
     <span class='ocr_line' id='line_1_25' title="bbox 595 3425 2463 3519; baseline 0.002 -21"><span class='ocrx_word' id='word_1_163' title='bbox 595 3432 716 3499; x_wconf 89' lang='lat' dir='ltr'>bus</span> <span class='ocrx_word' id='word_1_164' title='bbox 753 3431 908 3498; x_wconf 75' lang='lat'>11110‘</span> <span class='ocrx_word' id='word_1_165' title='bbox 957 3425 1199 3498; x_wconf 90' lang='lat' dir='ltr'>denarii</span> <span class='ocrx_word' id='word_1_166' title='bbox 1245 3449 1358 3519; x_wconf 92' lang='lat' dir='ltr'>pro</span> <span class='ocrx_word' id='word_1_167' title='bbox 1387 3427 1673 3517; x_wconf 87' lang='lat' dir='ltr'>quolibet</span> <span class='ocrx_word' id='word_1_168' title='bbox 1711 3426 1973 3498; x_wconf 90' lang='lat' dir='ltr'>denario</span> <span class='ocrx_word' id='word_1_169' title='bbox 2003 3427 2158 3499; x_wconf 89' lang='lat' dir='ltr'>dicti</span> <span class='ocrx_word' id='word_1_170' title='bbox 2199 3451 2463 3502; x_wconf 89' lang='lat' dir='ltr'>census.</span> 
     </span>
    </p>

    <p class='ocr_par' dir='ltr' id='par_1_10' title="bbox 507 3538 2753 3748">
     <span class='ocr_line' id='line_1_26' title="bbox 507 3538 2753 3637; baseline 0.002 -24"><span class='ocrx_word' id='word_1_171' title='bbox 507 3547 662 3615; x_wconf 93' lang='lat' dir='ltr'>Item</span> <span class='ocrx_word' id='word_1_172' title='bbox 702 3554 766 3614; x_wconf 90' lang='lat' dir='ltr'>et</span> <span class='ocrx_word' id='word_1_173' title='bbox 805 3540 1011 3633; x_wconf 86' lang='lat' dir='ltr'>quiin</span> <span class='ocrx_word' id='word_1_174' title='bbox 1058 3539 1391 3612; x_wconf 90' lang='lat' dir='ltr'>squcione</span> <span class='ocrx_word' id='word_1_175' title='bbox 1450 3538 1605 3613; x_wconf 90' lang='lat' dir='ltr'>dicti</span> <span class='ocrx_word' id='word_1_176' title='bbox 1663 3562 1902 3612; x_wconf 91' lang='lat' dir='ltr'>census</span> <span class='ocrx_word' id='word_1_177' title='bbox 1950 3541 2190 3613; x_wconf 88' lang='lat' dir='ltr'>defficit</span> <span class='ocrx_word' id='word_1_178' title='bbox 2235 3544 2426 3614; x_wconf 88' lang='lat' dir='ltr'>debet</span> <span class='ocrx_word' id='word_1_179' title='bbox 2463 3548 2753 3637; x_wconf 87' lang='lat' dir='ltr'>quinque</span> 
     </span>
     <span class='ocr_line' id='line_1_27' title="bbox 593 3656 1321 3748; baseline -0.003 -20"><span class='ocrx_word' id='word_1_180' title='bbox 593 3657 836 3728; x_wconf 86' lang='lat' dir='ltr'>solidos</span> <span class='ocrx_word' id='word_1_181' title='bbox 869 3679 982 3748; x_wconf 93' lang='lat' dir='ltr'>pro</span> <span class='ocrx_word' id='word_1_182' title='bbox 1020 3656 1321 3726; x_wconf 91' lang='lat' dir='ltr'>emenda.</span> 
     </span>
    </p>

    <p class='ocr_par' dir='ltr' id='par_1_11' title="bbox 505 3767 2751 3968">
     <span class='ocr_line' id='line_1_28' title="bbox 505 3767 2751 3862; baseline 0.001 -20"><span class='ocrx_word' id='word_1_183' title='bbox 505 3776 659 3843; x_wconf 90' lang='lat' dir='ltr'>Item</span> <span class='ocrx_word' id='word_1_184' title='bbox 695 3794 806 3862; x_wconf 92' lang='lat' dir='ltr'>pro</span> <span class='ocrx_word' id='word_1_185' title='bbox 858 3769 1043 3841; x_wconf 92' lang='lat' dir='ltr'>terris</span> <span class='ocrx_word' id='word_1_186' title='bbox 1092 3767 1236 3840; x_wconf 90' lang='lat' dir='ltr'>sitis</span> <span class='ocrx_word' id='word_1_187' title='bbox 1273 3771 1441 3861; x_wconf 85' lang='lat' dir='ltr'>apud</span> <span class='ocrx_word' id='word_1_188' title='bbox 1496 3773 1834 3860; x_wconf 84' lang='lat' dir='ltr'>Orgmont‚</span> <span class='ocrx_word' id='word_1_189' title='bbox 1901 3793 2064 3859; x_wconf 86' lang='lat' dir='ltr'>quas</span> <span class='ocrx_word' id='word_1_190' title='bbox 2104 3783 2278 3842; x_wconf 90' lang='lat' dir='ltr'>tenet</span> <span class='ocrx_word' id='word_1_191' title='bbox 2325 3775 2651 3845; x_wconf 85' lang='lat' dir='ltr'>Jobaunes</span> <span class='ocrx_word' id='word_1_192' title='bbox 2692 3778 2751 3845; x_wconf 89' lang='lat' dir='ltr'>Ie</span> 
     </span>
     <span class='ocr_line' id='line_1_29' title="bbox 599 3883 2420 3968; baseline -0.001 -11"><span class='ocrx_word' id='word_1_193' title='bbox 599 3891 769 3968; x_wconf 85' lang='lat' dir='ltr'>Fort‚</span> <span class='ocrx_word' id='word_1_194' title='bbox 794 3886 858 3955; x_wconf 92' lang='lat' dir='ltr'>in</span> <span class='ocrx_word' id='word_1_195' title='bbox 902 3887 1065 3956; x_wconf 80' lang='lat' dir='ltr'>testo</span> <span class='ocrx_word' id='word_1_196' title='bbox 1094 3883 1578 3956; x_wconf 85' lang='lat' dir='ltr'>Purificacionis</span> <span class='ocrx_word' id='word_1_197' title='bbox 1609 3886 1795 3954; x_wconf 90' lang='lat' dir='ltr'>beate</span> <span class='ocrx_word' id='word_1_198' title='bbox 1836 3883 2021 3955; x_wconf 83' lang='lat' dir='ltr'>Marie</span> <span class='ocrx_word' id='word_1_199' title='bbox 2062 3887 2106 3954; x_wconf 88' lang='lat' dir='ltr'>II</span> <span class='ocrx_word' id='word_1_200' title='bbox 2138 3908 2195 3957; x_wconf 89' lang='lat' dir='ltr'>s.</span> <span class='ocrx_word' id='word_1_201' title='bbox 2239 3888 2316 3956; x_wconf 94' lang='lat' dir='ltr'>VI</span> <span class='ocrx_word' id='word_1_202' title='bbox 2357 3889 2420 3956; x_wconf 92' lang='lat' dir='ltr'>d.</span> 
     </span>
    </p>

    <p class='ocr_par' dir='ltr' id='par_1_12' title="bbox 511 3997 2751 4530">
     <span class='ocr_line' id='line_1_30' title="bbox 511 3997 2751 4093; baseline 0.001 -22"><span class='ocrx_word' id='word_1_203' title='bbox 511 4005 662 4071; x_wconf 89' lang='lat' dir='ltr'>Item</span> <span class='ocrx_word' id='word_1_204' title='bbox 710 4022 820 4090; x_wconf 91' lang='lat' dir='ltr'>per</span> <span class='ocrx_word' id='word_1_205' title='bbox 871 3997 1417 4090; x_wconf 83' lang='lat' dir='ltr'>composicionem</span> <span class='ocrx_word' id='word_1_206' title='bbox 1471 3997 1695 4068; x_wconf 86' lang='lat' dir='ltr'>initam</span> <span class='ocrx_word' id='word_1_207' title='bbox 1757 3998 1922 4069; x_wconf 91' lang='lat' dir='ltr'>inter</span> <span class='ocrx_word' id='word_1_208' title='bbox 1983 3998 2358 4091; x_wconf 90' lang='lat' dir='ltr'>episcopum</span> <span class='ocrx_word' id='word_1_209' title='bbox 2409 4013 2475 4073; x_wconf 87' lang='lat' dir='ltr'>et</span> <span class='ocrx_word' id='word_1_210' title='bbox 2539 4001 2751 4093; x_wconf 90' lang='lat' dir='ltr'>ipsum</span> 
     </span>
     <span class='ocr_line' id='line_1_31' title="bbox 597 4110 2751 4205; baseline 0.001 -20"><span class='ocrx_word' id='word_1_211' title='bbox 597 4117 913 4185; x_wconf 90' lang='lat' dir='ltr'>decanum</span> <span class='ocrx_word' id='word_1_212' title='bbox 949 4134 1145 4203; x_wconf 89' lang='lat' dir='ltr'>super</span> <span class='ocrx_word' id='word_1_213' title='bbox 1175 4110 1563 4203; x_wconf 82' lang='lat' dir='ltr'>juridicione</span> <span class='ocrx_word' id='word_1_214' title='bbox 1597 4114 1949 4184; x_wconf 89' lang='lat' dir='ltr'>decanatus</span> <span class='ocrx_word' id='word_1_215' title='bbox 1980 4112 2282 4205; x_wconf 84' lang='lat' dir='ltr'>predicti¹</span> <span class='ocrx_word' id='word_1_216' title='bbox 2324 4118 2531 4186; x_wconf 82' lang='lat' dir='ltr'>VIII¹¹</span> <span class='ocrx_word' id='word_1_217' title='bbox 2559 4115 2751 4188; x_wconf 86' lang='lat' dir='ltr'>libras</span> 
     </span>
     <span class='ocr_line' id='line_1_32' title="bbox 594 4225 2751 4320; baseline 0.001 -21"><span class='ocrx_word' id='word_1_218' title='bbox 594 4225 1040 4320; x_wconf 88' lang='lat' dir='ltr'>parisiensium</span> <span class='ocrx_word' id='word_1_219' title='bbox 1091 4228 1431 4297; x_wconf 86' lang='lat' dir='ltr'>solvendas</span> <span class='ocrx_word' id='word_1_220' title='bbox 1460 4248 1572 4317; x_wconf 88' lang='lat' dir='ltr'>per</span> <span class='ocrx_word' id='word_1_221' title='bbox 1595 4226 1997 4318; x_wconf 75' lang='lat' dir='ltr'>sigilliferum</span> <span class='ocrx_word' id='word_1_222' title='bbox 2040 4228 2523 4301; x_wconf 79' lang='lat' dir='ltr'>Aurelianensis</span> <span class='ocrx_word' id='word_1_223' title='bbox 2575 4231 2751 4302; x_wconf 91' lang='lat' dir='ltr'>curie</span> 
     </span>
     <span class='ocr_line' id='line_1_33' title="bbox 595 4339 2750 4434; baseline 0.002 -20"><span class='ocrx_word' id='word_1_224' title='bbox 595 4341 870 4434; x_wconf 81' lang='lat' dir='ltr'>singulis</span> <span class='ocrx_word' id='word_1_225' title='bbox 923 4340 1258 4412; x_wconf 90' lang='lat' dir='ltr'>mensibus</span> <span class='ocrx_word' id='word_1_226' title='bbox 1295 4362 1412 4431; x_wconf 92' lang='lat' dir='ltr'>pro</span> <span class='ocrx_word' id='word_1_227' title='bbox 1457 4339 1644 4432; x_wconf 89' lang='lat' dir='ltr'>equis</span> <span class='ocrx_word' id='word_1_228' title='bbox 1684 4339 2099 4432; x_wconf 87' lang='lat' dir='ltr'>porcionibus</span> <span class='ocrx_word' id='word_1_229' title='bbox 2150 4346 2283 4414; x_wconf 94' lang='lat' dir='ltr'>XIII</span> <span class='ocrx_word' id='word_1_230' title='bbox 2329 4342 2524 4416; x_wconf 88' lang='lat' dir='ltr'>libras</span> <span class='ocrx_word' id='word_1_231' title='bbox 2573 4349 2650 4417; x_wconf 94' lang='lat' dir='ltr'>VI</span> <span class='ocrx_word' id='word_1_232' title='bbox 2691 4369 2750 4419; x_wconf 87' lang='lat' dir='ltr'>s.</span> 
     </span>
     <span class='ocr_line' id='line_1_34' title="bbox 593 4460 828 4530; baseline -0.009 0"><span class='ocrx_word' id='word_1_233' title='bbox 593 4462 726 4530; x_wconf 90' lang='lat' dir='ltr'>VIII</span> <span class='ocrx_word' id='word_1_234' title='bbox 763 4460 828 4528; x_wconf 91' lang='lat' dir='ltr'>d.</span> 
     </span>
    </p>
   </div>
   <div class='ocr_carea' id='block_1_2' title="bbox 577 4674 2040 4746">
    <p class='ocr_par' dir='ltr' id='par_1_13' title="bbox 577 4674 2040 4746">
     <span class='ocr_line' id='line_1_35' title="bbox 577 4674 2040 4746; baseline 0.001 -17"><span class='ocrx_word' id='word_1_235' title='bbox 577 4675 598 4711; x_wconf 91' lang='lat'>¹</span> <span class='ocrx_word' id='word_1_236' title='bbox 638 4674 737 4729; x_wconf 90' lang='lat' dir='ltr'>Ch.</span> <span class='ocrx_word' id='word_1_237' title='bbox 770 4674 1062 4732; x_wconf 83' lang='lat' dir='ltr'>CCCLXX.</span> <span class='ocrx_word' id='word_1_238' title='bbox 1093 4675 1233 4731; x_wconf 79' lang='lat' dir='ltr'>Mais</span> <span class='ocrx_word' id='word_1_239' title='bbox 1263 4679 1349 4730; x_wconf 89' lang='lat' dir='ltr'>cet</span> <span class='ocrx_word' id='word_1_240' title='bbox 1375 4681 1498 4731; x_wconf 84' lang='lat' dir='ltr'>acte</span> <span class='ocrx_word' id='word_1_241' title='bbox 1527 4679 1686 4746; x_wconf 85' lang='lat' dir='ltr'>porte</span> <span class='ocrx_word' id='word_1_242' title='bbox 1714 4674 1822 4732; x_wconf 76' lang='lat'>200</span> <span class='ocrx_word' id='word_1_243' title='bbox 1850 4675 2040 4731; x_wconf 82' lang='lat' dir='ltr'>livres.</span> 
     </span>
    </p>
   </div>
  </div>
 </body>
</html>
