3485 5571
1789 627 2024 698 -320
2075 665 2143 680 -

1797 1014 2080 1076 CCXXVl
2090 1015 2144 1075 11

1795 1314 1823 1372 J
1833 1312 1943 1374 uin
1985 1311 2145 1375 1232

843 1563 983 1619 Jean
1006 1569 1061 1617 et
1089 1561 1424 1632 Erembour‚
1452 1579 1514 1618 sa
1542 1563 1769 1635 femme,
1804 1564 2045 1619 vendent
2068 1564 2100 1618 a
2122 1564 2407 1622 Ste·Croix
2437 1564 2581 1620 deux
2609 1571 2839 1635 arpents
2863 1570 2919 1619 et
2942 1564 3087 1619 demi

1340 1659 1410 1715 de
1438 1661 1538 1730 pre
1564 1661 1596 1715 a
1625 1660 1876 1731 Marcam,
1901 1672 2049 1732 pour
2076 1661 2149 1715 12
2176 1662 2344 1716 livres
2371 1661 2595 1732 parisiS.

1275 1805 1451 1876 (Orig.
1498 1823 1545 1861 s.
1595 1806 1787 1876 parch.
1831 1807 2000 1861 Arch.
2054 1806 2130 1862 du
2177 1806 2386 1875 Loiret,
2432 1807 2498 1862 G.
2540 1806 2668 1874 348)

934 2019 1252 2093 Omnibus
1295 2037 1628 2113 presentes
1670 2022 1913 2095 litteras
1945 2023 2370 2115 inspecturis‚'
2406 2023 2711 2116 magister
2750 2028 3085 2109 Robertus,

844 2134 1110 2207 oficialis
1149 2135 1647 2224 AurelianensiS,
1692 2136 1760 2207 in
1804 2136 2081 2208 Domino
2130 2140 2427 2209 salutem.
2474 2137 2772 2209 Noverint
2813 2140 3088 2210 universi

844 2253 1015 2340 quod
1055 2250 1116 2319 in
1160 2267 1376 2322 nostra
1416 2252 1752 2343 presencia
1792 2253 2124 2325 constituti
2177 2255 2504 2324 lohannes
2562 2267 2627 2323 et
2685 2254 3089 2344 Eremburgis

847 2387 1000 2436 uxor
1053 2368 1196 2455 ejus
1263 2381 1774 2457 recognoverunt
1834 2390 1904 2438 se
1962 2367 2332 2438 vendidisse
2395 2371 2640 2438 decano
2691 2382 2755 2438 et
2813 2368 3088 2460 capitulo

849 2483 1080 2550 Sancte
1118 2479 1340 2550 Crucis
1377 2480 1856 2552 Aurelianensis
1908 2483 2036 2551 duo
2082 2495 2346 2572 arpenta
2386 2495 2452 2552 et
2489 2480 2828 2551 dimidium
2885 2497 3093 2572 prato-

847 2616 992 2664 rum
1051 2616 1176 2684 que
1237 2597 1556 2665 habebant
1613 2597 1780 2684 apud
1844 2593 2199 2678 Marolium‚
2259 2609 2329 2664 ut
2374 2593 2700 2677 dicebant,
2744 2592 2972 2685 partim
3024 2593 3090 2663 in

844 2706 1102 2780 censiva
1144 2707 1359 2780 Sancti
1420 2708 1750 2780 Benedicti
1805 2720 1868 2779 et
1917 2711 2141 2800 partim
2201 2707 2266 2777 in
2333 2707 2591 2779 censiva
2656 2707 2963 2800 Stephani
3017 2711 3093 2778 de

846 2826 1040 2893 Portu
1107 2845 1223 2913 pro
1294 2824 1635 2893 duodecim
1699 2822 1880 2894 libris
1958 2821 2436 2914 parisiensium,
2506 2825 2585 2893 de
2669 2822 2904 2914 quibus
2975 2822 3094 2914 ipsi

841 2940 1168 3007 Johannes
1225 2951 1288 3008 et
1330 2960 1485 3007 uxor
1532 2939 1673 3027 ejus
1713 2959 1784 3007 se
1825 2951 2169 3007 tenuerunt
2207 2959 2423 3007 coram
2462 2937 2648 3007 nobis
2688 2936 2935 3028 integre
2982 2960 3093 3028 pro

844 3051 1114 3143 pagatis‚
1162 3053 1288 3122 fide
1348 3050 1612 3141 prestita
1652 3053 2103 3142 promittentes
2144 3054 2311 3142 quod
2369 3050 2432 3119 in
2508 3050 2700 3122 dictis
2745 3051 2942 3142 pratis
2984 3074 3094 3142 per

844 3187 916 3236 se
956 3168 1053 3235 vel
1084 3188 1197 3256 per
1234 3163 1395 3236 alios
1422 3163 1621 3235 nichil
1663 3166 1960 3235 decetero
1994 3167 2434 3234 reclamabunt
2471 3187 2593 3235 nec
2622 3167 2860 3235 sacient
2899 3168 3093 3237 recla-

845 3277 1029 3360 mari,
1072 3278 1270 3349 immo
1311 3277 1547 3349 dictam
1588 3275 2037 3349 vendicionem
2080 3277 2388 3369 predictis
2427 3279 2674 3348 decano
2715 3291 2779 3348 et
2816 3280 3094 3370 capitulo

843 3394 919 3462 ad
962 3415 1120 3462 usus
1179 3406 1245 3462 et
1294 3393 1804 3462 consuetudines
1843 3392 2338 3462 Aurelianenses
2405 3390 2685 3483 legitime
2738 3389 3094 3480 garentient

844 3520 1065 3578 contra
1110 3530 1361 3579 omnes.
1418 3511 1513 3578 De
1560 3530 1687 3599 qua
1744 3507 1936 3579 etiam
1975 3506 2360 3579 vendicione
2403 3507 2709 3599 predictis
2747 3510 2994 3580 decano
3031 3521 3093 3579 et

843 3624 1124 3712 capitulo
1180 3635 1369 3713 prout
1421 3623 1664 3692 dictum
1713 3634 1816 3692 est
1872 3623 2311 3712 garentienda,
2371 3624 2690 3693 Ebrardus
2747 3622 2976 3715 Philipi
3033 3635 3096 3692 et

845 3734 1181 3806 Gaufridus
1221 3735 1563 3806 Barbarius
1606 3758 1718 3827 pro
1773 3734 1963 3807 dictis
2015 3739 2305 3834 Johanne
2358 3751 2423 3807 et
2483 3759 2674 3807 uxore
2725 3738 2866 3826 ejus
2907 3736 3091 3828 plegii

844 3849 1210 3922 extiterunt.
1247 3853 1544 3920 Preterea
1586 3849 1882 3932 Odelina,
1926 3865 2134 3921 mater
2170 3849 2341 3920 dicte
2377 3848 2815 3940 Eremburgis,
2862 3849 3092 3920 dictam

845 3963 1290 4035 vendicionem
1329 3967 1552 4034 volens
1581 3976 1647 4036 et
1679 3967 2043 4056 approbans
2081 3965 2207 4034 fide
2249 3962 2456 4034 media
2485 3961 2887 4035 renunciavit
2920 3964 3090 4033 omni

835 4077 961 4167 juri
1024 4079 1193 4167 quod
1262 4075 1328 4147 in
1393 4074 1583 4147 dictis
1641 4079 1841 4167 pratis
1882 4077 2138 4147 racione
2195 4073 2475 4146 dotalicii
2543 4097 2658 4146 seu
2720 4072 2912 4145 etiam
2979 4074 3094 4145 alia

842 4211 1249 4282 quacumque
1289 4212 1363 4261 ex
1402 4213 1596 4261 causa
1639 4194 1872 4261 habere
1908 4205 2152 4280 poterat
2190 4203 2303 4260 aut
2340 4191 2638 4260 debebat.
2682 4192 2751 4259 In
2779 4191 2968 4280 cujus
2998 4188 3086 4260 rei

844 4304 1223 4375 memoriam
1252 4327 1326 4374 ac
1357 4302 1798 4375 testimonium
1837 4319 2169 4396 presentes
2205 4307 2452 4374 litteras
2481 4306 2558 4374 ad
2598 4303 3092 4394 requisicionem

841 4416 1145 4510 partium,
1190 4421 1364 4488 salvo
1397 4421 1540 4510 jure
1579 4420 1826 4489 domini
1867 4417 2157 4509 episcopi
2188 4417 2252 4487 in
2286 4417 2528 4500 omnia,
2561 4416 2697 4488 fieri
2730 4416 3005 4487 fecimus
3034 4430 3095 4487 et

844 4530 1054 4621 sigillo
1094 4532 1570 4603 Aurelianensis
1609 4532 1788 4604 curie
1824 4532 2137 4602 roborari.
2175 4536 2402 4602 Actum
2434 4553 2605 4601 anno
2636 4527 3095 4601 incarnationis

844 4643 1098 4715 Domini
1138 4646 1293 4715 MCC
1326 4643 1655 4718 tricesimo
1691 4646 2005 4727 secundo,
2042 4665 2267 4716 mense
2299 4643 2510 4734 junio.
