3485 5571
1820 1113 2126 1176 CCLXXII

1696 1438 2058 1504 Decembre
2101 1438 2261 1503 1244

849 1716 1118 1773 Gnuthier
1145 1715 1405 1773 d’Hunnn
1443 1707 1588 1773 vend
1628 1716 1660 1772 ὁ
1715 1717 2093 1776 Sainte-Croix
2140 1734 2285 1791 pour
2339 1718 2402 1773 11
2462 1719 2630 1774 livres
2675 1718 2871 1790 parisis
2898 1719 3061 1775 douze

1340 1814 1525 1870 mines
1548 1813 1620 1870 de
1656 1819 1805 1870 terre
1828 1820 1884 1871 et
1919 1830 2034 1871 nne
2055 1814 2273 1871 maison
2302 1818 2333 1868 :t
2357 1814 2590 1871 Hunan.

1307 1983 1483 2055 (Orig.
1516 2003 1562 2041 ε.
1596 1984 1789 2057 purch.
1822 1985 1991 2042 Arch.
2033 1985 2111 2041 du
2139 1986 2347 2056 Loiret‚
2377 1985 2445 2041 G.
2473 1984 2625 2055 329).

932 2225 1258 2299 Universis
1305 2239 1641 2317 presentes
1699 2224 1949 2298 litteras
1997 2226 2389 2319 inspecturis
2455 2226 2744 2299 officialis
2810 2226 3074 2300 Aurelia-

842 2343 1069 2414 nensis
1118 2344 1393 2412 salutem
1440 2341 1508 2412 in
1543 2341 1844 2416 Domino.
1886 2340 2193 2414 Noverint
2225 2340 2505 2414 universi
2542 2346 2715 2433 quod
2753 2341 3069 2414 constituti

840 2479 1053 2528 coram
1096 2455 1284 2528 nobis
1316 2459 1606 2528 Gaiterus
1644 2460 1724 2528 de
1767 2456 1991 2529 Uoolio
2030 2470 2095 2529 et
2134 2454 2456 2529 Richeldis
2493 2459 2636 2549 ejus
2675 2479 2832 2529 uxor
2870 2458 3074 2528 vendi·

839 2572 1071 2640 derunt
1112 2569 1581 2642 venerabilibus
1615 2572 1771 2642 viris
1812 2573 2056 2642 decano
2095 2584 2160 2643 et
2200 2570 2482 2662 capitulo
2519 2570 3072 2643 Aurelianensibus

841 2684 1056 2776 precio
1097 2684 1395 2756 undecim
1428 2687 1732 2756 librarum
1773 2683 2249 2778 parisiensium,
2283 2688 2363 2756 de
2386 2683 2620 2776 quibus
2651 2708 2869 2757 coram
2900 2684 3071 2757 nobis

840 2813 1188 2872 tenuerunt
1223 2822 1295 2872 se
1333 2823 1449 2891 pro
1475 2803 1750 2892 pagetis,
1796 2799 2134 2872 duodecim
2173 2799 2382 2871 minas
2411 2800 2803 2872 seminature
2828 2814 2995 2873 terre
3016 2814 3073 2872 et

838 2939 1029 2987 unam
1071 2917 1334 2987 domum
1374 2919 1541 3007 apud
1570 2915 1866 2988 Unolium
1896 2915 1960 2987 in
1985 2915 2340 2988 dominium
2367 2920 2599 2988 Sancte
2639 2916 2861 2988 Crucis
2901 2916 3068 3000 sitas,

838 3043 907 3099 ut
946 3032 1275 3115 dicebant,
1321 3034 1445 3103 fide
1484 3034 1629 3102 data
1683 3034 2120 3103 concedentes
2172 3032 2342 3122 quod
2404 3045 2628 3102 contra
2667 3033 2901 3103 dictam
2936 3055 3072 3104 vcn-

838 3142 1148 3215 ditionem
1188 3167 1301 3237 per
1345 3167 1417 3216 se
1471 3148 1565 3216 vel
1630 3166 1745 3236 per
1789 3143 1951 3216 alios
2008 3143 2179 3217 dotis
2228 3144 2489 3216 nomine
2539 3157 2651 3215 aut
2678 3146 2799 3216 alia
2838 3145 3073 3217 ratione

837 3280 966 3328 non
1010 3261 1302 3331 venirent
1361 3262 1424 3329 in
1464 3263 1777 3343 futurum,
1844 3258 2039 3330 immo
2097 3281 2239 3330 eam
2279 3258 2524 3330 eisdem
2566 3261 2975 3350 emptoribus
3004 3261 3072 3330 ad

835 3394 992 3443 usus
1029 3387 1094 3444 et
1135 3377 1646 3446 consuetudines
1686 3372 2178 3446 Aurelianenses
2218 3372 2500 3464 legitime
2526 3386 2837 3465 perpetuo
2867 3397 3073 3465 garan-

836 3483 1017 3557 tient.
1064 3490 1295 3558 Actum
1336 3490 1416 3560 ad
1457 3511 1682 3581 preces
1707 3487 1984 3579 partium
2021 3509 2192 3559 anno
2242 3485 2501 3558 Domini
2543 3489 2697 3559 MCC
2733 3491 3071 3581 quadrage·

832 3598 998 3671 simo
1031 3615 1284 3693 quarto,
1327 3625 1553 3675 mense
1592 3601 1947 3675 decembri.
