3485 5571
1452 657 1806 722 -165-

500 809 627 859 sue
660 786 1078 877 imposituros
1116 809 1191 857 ex
1255 783 1575 876 promisso
1632 787 1986 869 asserebat,
2029 798 2254 856 nostro
2294 783 2356 855 id
2396 798 2460 856 et
2499 786 2756 877 capituli

494 900 979 973 Aurelianensis
1039 899 1250 992 sigillo
1311 898 1670 972 confirmari
1735 899 2100 991 postulavit.
2170 901 2509 971 Concessit
2564 902 2757 972 etiam
2827 886 2835 895 ’

497 1017 885 1108 Hu[bertus]
942 1009 1115 1105 quod
1180 1028 1566 1085 memoratos
1623 1013 1911 1105 hospites
1973 1030 2144 1085 extra
2220 1013 2427 1084 villam
2473 1014 2639 1086 Galli
2690 1019 2758 1084 in

492 1131 610 1220 jus
678 1129 758 1199 de
810 1140 1028 1199 cetero
1075 1125 1341 1199 minime
1394 1131 1696 1212 traheret,
1775 1129 1886 1198 sed
1946 1127 2109 1197 infra
2173 1126 2383 1197 villam
2460 1125 2762 1217 congruis

498 1249 907 1342 temporibus
966 1263 1031 1321 et
1068 1248 1459 1342 competenti
1499 1251 1604 1319 die
1650 1271 1765 1320 eos
1805 1247 2157 1339 placitaret.
2230 1247 2391 1334 Quia
2466 1270 2615 1319 vero
2681 1270 2763 1318 ne

502 1366 840 1455 predictus
880 1367 1262 1457 Hu[bertus]
1304 1367 1400 1435 vel
1439 1365 1578 1454 ejus
1638 1364 1911 1434 heredes
1951 1363 2017 1431 in
2063 1364 2171 1452 jus
2224 1361 2500 1433 ecclesie
2535 1385 2764 1434 manus

500 1482 884 1551 extenderet
923 1501 1262 1570 precavere
1303 1501 1424 1549 nos
1470 1479 1777 1569 oportuit,
1848 1477 2352 1548 consuetudines
2413 1475 2475 1545 in
2539 1479 2763 1547 eadem

500 1592 655 1664 villa
704 1592 826 1664 sibi
889 1591 1146 1685 proprie
1211 1590 1608 1684 pertinentes
1655 1589 2185 1682 subscripsimus.
2253 1592 2515 1661 Oblatas
2577 1589 2768 1680 igitur

502 1729 626 1798 pro
686 1705 959 1797 singulis
1017 1704 1293 1777 masuris
1359 1708 1551 1776 habet
1607 1703 1671 1774 in
1739 1707 1948 1775 natale
2010 1701 2266 1775 Domini
2323 1705 2374 1774 ΙΙ
2419 1726 2644 1794 panes,
2717 1709 2766 1774 11

502 1825 804 1915 gallinaS,
852 1827 902 1892 ΙΙ
954 1823 1277 1908 denarios,
1326 1825 1375 1892 11
1415 1823 1665 1893 eminas
1723 1819 1900 1891 ordei
1940 1821 2019 1890 ad
2057 1842 2355 1909 magnam
2400 1842 2766 1891 mensuram

503 1960 634 2027 que
693 1939 904 2008 valent
970 1940 1075 2008 111³
1132 1936 1342 2006 minas
1396 1938 1607 2026 justas
1672 1933 1849 2005 ordei
1909 1931 2207 2005 videlicet
2257 1932 2541 2005 melioris
2597 1933 2768 2005 illius

508 2049 837 2137 territorii,
878 2053 1048 2143 quod
1090 2050 1145 2122 si
1187 2054 1350 2122 lorte
1390 2050 1722 2131 defecerit,
1769 2047 2195 2140 competentis
2226 2047 2427 2120 ordei.
2465 2049 2527 2118 Si
2553 2061 2766 2119 autem

508 2166 594 2236 de
624 2164 898 2256 panibus
936 2165 1099 2236 forte
1158 2165 1488 2235 contentio
1540 2163 1963 2256 em[er]serit,
2018 2165 2194 2252 juxta
2233 2161 2768 2232 consuetudinem

511 2292 682 2350 terre
724 2283 954 2350 Sancte
996 2277 1217 2348 Crucis
1247 2280 1614 2348 reddentur.
1675 2275 1972 2347 Corveias
2001 2274 2284 2359 habebit,
2328 2299 2441 2367 pro
2498 2274 2769 2366 singulis

510 2392 792 2464 masuris
854 2414 1045 2463 unam
1120 2389 1375 2462 scilicet
1449 2394 1528 2462 ad
1605 2388 2054 2462 seminandum
2129 2391 2429 2460 frumenti
2485 2391 2770 2461 eminam

512 2505 801 2577 melioris
869 2504 1041 2576 illius
1101 2503 1429 2590 territorii,
1473 2507 1570 2575 vel
1627 2503 1683 2574 si
1745 2503 2072 2586 defecerit,
2143 2502 2594 2594 competentis.
2676 2507 2767 2574 Ad

512 2642 774 2692 omnem
830 2633 1043 2690 autem
1099 2617 1412 2690 sationem
1476 2617 1776 2689 frumenti
1830 2617 2120 2708 hospites
2156 2617 2441 2688 corveias
2522 2620 2770 2689 labora-

528 2737 718 2818 bunt,
750 2732 834 2805 ita
866 2747 1077 2805 tamen
1112 2735 1283 2823 quod
1323 2730 1661 2804 ordinatim
1710 2734 1791 2803 ab
1833 2734 2137 2803 omnibus
2174 2730 2458 2805 corveias
2501 2731 2770 2825 accipiat

513 2847 576 2918 in
649 2847 924 2919 masuris
980 2870 1201 2919 eorum
1265 2861 1331 2918 et
1392 2846 1456 2917 in
1506 2861 1669 2918 terra
1723 2870 1855 2918 non
1920 2861 2091 2917 arata
2152 2846 2436 2937 exceptis
2484 2846 2769 2938 arpentis

512 2961 800 3053 ipsorum
849 2975 915 3032 et
953 2975 1240 3053 tempore
1269 2959 1688 3052 competenti.
1719 2965 1954 3032 Verum
1987 2960 2050 3031 in
2077 2960 2468 3052 accipiendis
2498 2959 2770 3033 corveiis

512 3089 737 3146 contra
835 3073 1147 3145 rationem
1245 3073 1533 3166 ipsorum
1626 3074 1955 3146 neminem
2031 3074 2420 3146 molestabit.
2504 3074 2766 3167 Singule

512 3212 776 3260 carruce
806 3188 1197 3261 corveiarum
1223 3211 1337 3280 pro
1363 3188 1810 3280 procuratione
1838 3213 2034 3259 unum
2056 3189 2385 3260 denarium
2412 3192 2761 3261 habebunt.

511 3308 827 3396 Tempore
851 3303 1119 3375 autunni
1149 3306 1380 3393 garbas
1430 3303 1824 3376 corveiarum
1878 3328 1991 3395 pro
2042 3308 2370 3376 voluntate
2445 3304 2759 3398 Hu[berti]

511 3420 591 3488 ad
652 3416 865 3488 villam
932 3417 1088 3489 Galli
1155 3418 1288 3490 sive
1350 3422 1429 3490 ad
1516 3422 1994 3511 Spesunvillam
2072 3420 2366 3491 homines
2428 3422 2764 3507 deserent;

513 3534 621 3602 ubi
690 3553 842 3603 vero
900 3531 1045 3603 trite
1083 3544 1149 3603 et
1194 3547 1414 3622 parate
1476 3533 1737 3616 luerint,
1793 3557 1828 3604 a
1906 3534 2047 3604 villa
2095 3536 2251 3604 Galli
2308 3557 2511 3625 usque
2578 3539 2764 3606 Aurel

518 3644 760 3738 [ianis],
801 3660 910 3716 aut
947 3648 1027 3715 ad
1064 3648 1354 3718 Castrum
1401 3651 1660 3718 Dunum
1714 3661 1826 3719 aut
1864 3650 1941 3720 ad
1997 3649 2391 3719 Firmitatem
2465 3648 2762 3722 Villenoli

512 3763 878 3850 portabunt.
910 3759 1171 3849 Singule
1196 3760 1501 3852 quadrige
1527 3764 1816 3853 singulos
1847 3762 2144 3833 denarios
2176 3785 2287 3854 pro
2314 3766 2762 3853 procuratione

513 3876 880 3959 habebunt3
923 3872 986 3943 in
1019 3877 1254 3964 pascha
1286 3873 1350 3944 in
1391 3878 1640 3946 duabus
1682 3875 1955 3947 masuris
1996 3881 2074 3947 VI
2113 3876 2411 3948 denarios
2446 3901 2559 3969 pro
2595 3902 2762 3969 agno

514 3985 818 4071 habebit;
891 4001 1179 4079 tempore
1243 3988 1648 4079 rogationum
1702 3993 1783 4061 de
1837 3989 2110 4080 singulis
2150 3990 2425 4061 masuris
2472 3991 2764 4083 singulos

517 4121 737 4190 panes.
778 4104 849 4169 ln
890 4100 1159 4173 decimis
1212 4101 1477 4173 minutis
1511 4103 1706 4173 nichil
1761 4107 2112 4175 reclamant
2168 4104 2485 4176 canonici.
2531 4110 2765 4178 Custos

515 4236 662 4285 vero
732 4212 1127 4286 corveiarum
1196 4219 1388 4288 fidem
1464 4218 1767 4289 omnibus
1833 4217 2022 4290 faciet
2105 4222 2277 4310 quod
2335 4220 2497 4290 ultra
2567 4234 2763 4291 totam

521 4350 834 4398 summam
875 4329 1267 4401 corveiarum
1298 4330 1596 4402 frumenti
1626 4334 1770 4422 plus
1797 4356 1988 4424 quam
2021 4333 2363 4404 sextarium
2394 4333 2763 4408 hominibus

522 4444 799 4514 scienter
838 4447 918 4514 ad
944 4447 1362 4516 deferendum
1390 4469 1516 4517 non
1563 4447 1789 4517 tradet.
1835 4451 2048 4518 Preter
2099 4451 2216 4518 bas
2259 4449 2764 4522 consuetudines

526 4559 731 4628 nullas
771 4556 928 4628 alias
978 4561 1167 4630 habet
1201 4558 1264 4629 in
1314 4559 1456 4629 villa
1499 4559 1655 4631 Galli
1698 4564 2066 4656 Hu[bertus]
2113 4566 2209 4633 vel
2247 4565 2434 4634 heres
2462 4567 2605 4654 ejus
2647 4588 2765 4637 nec

525 4672 872 4743 habebunt.
947 4672 1011 4742 Si
1076 4674 1222 4763 quis
1255 4687 1467 4745 autem
1510 4674 1833 4765 hospitum
1877 4676 1956 4745 de
2007 4676 2583 4749 consuetudinibus
2623 4677 2765 4751 istis
