3485 5571
1761 668 2122 733 ..268-

818 798 950 866 tulo
1023 794 1461 867 Aurelianensi
1538 820 1572 867 a
1640 796 1945 888 predictis
2020 794 2391 867 hominibus
2451 799 2919 886 persolvantur,
2978 794 3060 869 ita

816 908 1018 980 eciam
1054 911 1248 1001 quod,
1284 933 1399 1000 pro
1431 909 1539 980 illo
1577 923 1846 1002 arpento
1885 913 2072 1002 cujus
2115 908 2329 979 vinum
2359 923 2563 981 totum
2592 909 2786 981 tuerit
2822 912 3062 994 album,

816 1045 1044 1094 omnes
1103 1025 1310 1094 dictas
1365 1035 1495 1094 tres
1553 1027 1814 1114 lagenas
1881 1027 1960 1095 de
2017 1026 2249 1095 eodem
2301 1022 2447 1094 vino
2486 1025 2653 1108 albo,
2701 1036 2766 1095 et
2804 1045 2923 1115 pro
2959 1021 3063 1094 illo

817 1137 1003 1225 eujus
1040 1134 1256 1205 vinum
1296 1148 1501 1205 totum
1558 1135 1745 1207 fuerit
1795 1138 2063 1207 rubeum
2106 1138 2184 1206 de
2223 1136 2452 1206 eodem
2512 1133 2660 1206 vino
2689 1137 2893 1206 rubeo
2935 1136 3061 1205 sol-

818 1271 963 1318 vere
1027 1238 1438 1319 tenebuntur.
1502 1250 1565 1319 Si
1627 1263 1839 1320 autem
1882 1249 2113 1340 aliquis
2172 1246 2233 1318 in
2277 1250 2508 1319 eodem
2537 1261 2806 1340 arpento
2844 1246 3058 1318 vinum

816 1364 1031 1432 album
1062 1374 1126 1432 et
1152 1363 1368 1431 vinum
1411 1364 1678 1433 rubeum
1723 1361 2039 1446 habuerit,
2085 1362 2138 1434 si
2182 1375 2383 1434 totum
2427 1364 2641 1433 album
2674 1385 2823 1433 oum
2864 1364 3060 1434 rubeo

818 1498 945 1546 non
980 1475 1165 1546 tuerit
1194 1477 1598 1568 permixtum,
1643 1478 1858 1548 habita
1904 1480 2077 1569 Justa
2121 1475 2559 1548 moderatione
2598 1474 2782 1547 vinee
2820 1478 2964 1547 albe
3000 1490 3063 1548 et

816 1586 998 1659 vinee
1029 1590 1225 1660 rubee
1265 1610 1389 1678 que
1432 1587 1493 1657 in
1536 1590 1764 1660 eodem
1795 1603 2062 1681 arpento
2091 1587 2352 1674 tuerint,
2390 1587 2592 1659 dietas
2627 1599 2758 1659 tres
2799 1591 3056 1679 lagenas

815 1704 895 1773 de
926 1700 1071 1772 vino
1111 1704 1312 1774 rubeo
1352 1715 1415 1774 et
1455 1705 1534 1773 de
1584 1701 1730 1774 vino
1793 1707 1939 1774 albo
1970 1705 2365 1795 persolvent.
2398 1700 2461 1771 Si
2490 1723 2641 1773 vero
2683 1714 2888 1773 totum
2920 1724 3062 1793 per-

813 1817 1081 1886 mixtum
1109 1814 1326 1902 tuerit,
1370 1818 1449 1888 de
1479 1818 1708 1888 eodem
1763 1816 1909 1890 vino
1939 1818 2255 1910 permixto
2295 1814 2465 1887 dicte
2504 1829 2635 1887 tres
2674 1819 2900 1908 lagene
2939 1818 3062 1888 sol-

816 1941 1066 2000 ventur.
1119 1931 1304 2015 Quod
1346 1929 1399 2000 si
1439 1932 1675 2021 aliquis
1726 1929 1790 1999 in
1829 1932 2011 2001 vinea
2044 1931 2259 2001 minus
2297 1929 2593 2001 habuerit
2629 1952 2822 2020 quam
2863 1953 3060 2001 unum

817 2054 1183 2130 arpentum,
1217 2045 1296 2112 de
1335 2065 1586 2113 summa
1635 2040 1838 2113 trium
1869 2045 2237 2134 lagenarum
2263 2043 2673 2113 subtrahetur
2702 2045 3062 2114 secundum

813 2156 985 2245 quod
1016 2155 1075 2225 ei
1124 2154 1395 2226 defuerit
1452 2159 1532 2226 de
1589 2169 1881 2248 arpento.
1942 2155 2293 2226 Statuimus
2351 2155 2617 2247 insuper
2663 2168 2733 2226 ut
2796 2157 3060 2247 sepefati

815 2267 1112 2339 homines
1177 2268 1639 2359 prenominatis
1708 2271 1953 2340 decano
2019 2283 2080 2339 et
2143 2269 2425 2360 capitulo
2486 2283 2807 2340 trecentas
2865 2270 3059 2339 libras

817 2381 1267 2471 parisiensium
1306 2386 1383 2453 ad
1427 2385 1589 2454 duos
1622 2381 1959 2465 terminos,
2006 2381 2299 2455 videlieet
2347 2397 2606 2455 eentum
2647 2396 2710 2454 et
2749 2381 3061 2474 quinqua-

815 2496 989 2588 ginta
1019 2496 1214 2568 libras
1251 2519 1455 2589 usque
1493 2500 1570 2567 ad
1625 2500 1861 2569 festum
1910 2501 2328 2569 pentecostes
2386 2495 2591 2588 primo
2641 2498 2954 2582 futurum,
3001 2511 3061 2568 et

814 2611 971 2683 alias
1001 2624 1260 2683 centum
1310 2624 1375 2683 et
1413 2610 1872 2702 quinquaginta
1909 2610 2102 2681 libras
2142 2634 2347 2701 usque
2384 2613 2462 2682 ad
2506 2610 2661 2681 illud
2702 2613 3059 2683 seeundum

817 2727 1049 2798 festum
1091 2729 1509 2797 pentecostes
1552 2723 1693 2796 sine
1747 2724 2052 2797 dilatione
2091 2740 2155 2795 et
2203 2723 2626 2796 diminutione
2666 2727 3053 2818 persolvant.

816 2845 890 2913 Ut
919 2854 1132 2911 autem
1163 2839 1378 2910 omnia
1419 2842 1782 2931 supradicta
1821 2853 1957 2911 rata
1998 2853 2062 2909 et
2097 2841 2275 2909 firma
2307 2853 2753 2931 permaneant,
2798 2863 3059 2931 presen-

816 2968 942 3024 tem
980 2953 1274 3045 paginam
1307 2976 1420 3045 per
1457 2952 1814 3045 sigillorum
1858 2967 2221 3024 nostrorum
2263 2953 2738 3047 appositionem
2777 2952 3055 3028 diximus

813 3071 1265 3140 roborandam.
1311 3072 1438 3139 Nos
1485 3089 1633 3139 vero
1687 3068 2032 3161 P[aganus]
2098 3070 2531 3149 subdecanus,
2581 3066 2730 3158 quia
2778 3066 3056 3159 sigillum

814 3180 1141 3274 proprium
1181 3203 1381 3271 penes
1411 3203 1532 3250 nos
1574 3202 1699 3251 non
1746 3182 2165 3265 habebamus,
2203 3177 2483 3270 sigillum
2523 3178 2637 3250 viri
2678 3180 3057 3252 venerabilis

812 3297 1149 3388 L[eberti],
1191 3293 1417 3366 decani
1454 3293 1961 3376 Aurelianensis,
2010 3296 2153 3365 loco
2214 3291 2403 3385 sigilli
2445 3295 2651 3364 nostri
2694 3285 3056 3385 rogavimus

811 3406 1070 3500 apponi.
1112 3414 1337 3480 Actum
1364 3406 1752 3489 Aurelianis,
1799 3429 1970 3478 anno
2013 3405 2268 3479 Domini
2315 3409 2469 3478 MCC
2506 3421 2733 3479 octavo
2778 3406 3051 3494 decimo,

814 3544 1039 3594 mense
1061 3521 1380 3615 januario,
1417 3521 1482 3592 in
1522 3524 1809 3593 crastino
1835 3519 2277 3592 conversionis
2315 3520 2518 3593 saneti
2552 3519 2755 3592 Pauli.
