3485 5571
1392 646 1706 710 ...31-

427 776 639 860 tuerit,
684 791 748 849 et
787 799 985 848 unum
1033 775 1366 847 denarium
1404 773 1637 866 capiet.
1685 773 2115 849 Piscationem
2180 797 2364 864 aquae
2403 768 2663 845 habebit

426 889 487 959 in
539 912 919 981 unaquaque
955 891 1337 967 ebdomada,
1371 888 1435 958 in
1466 887 1569 959 die
1610 886 1901 958 Veneris.
1952 888 2027 959 Et
2062 889 2117 958 si
2157 887 2390 977 aliquis
2442 886 2670 978 pisciS,

425 1003 527 1093 qui
569 1008 675 1075 ΧΙΙ
703 1002 999 1077 denarios
1036 1016 1144 1074 aut
1179 1004 1319 1092 plus
1354 1005 1581 1083 valeat,
1626 1004 1689 1077 iu
1747 1024 1909 1092 aqua
1959 1014 2182 1091 captus
2226 1003 2441 1083 tuerit,
2483 1015 2666 1075 ante-

425 1141 614 1206 quam
665 1120 976 1188 vendatur
1041 1115 1164 1187 sibi
1225 1115 1400 1207 prius
1457 1130 1563 1185 aut
1633 1115 1975 1207 praeposito
2028 1138 2147 1185 suo
2204 1118 2282 1185 ad
2323 1118 2671 1186 emendum

424 1233 926 1313 offeretur;nisi
957 1232 1122 1302 forte
1144 1233 1497 1301 canonicos
1536 1244 1647 1300 aut
1675 1229 2089 1321 praepositum
2131 1253 2378 1309 eorum,
2434 1232 2673 1320 quibus

426 1348 751 1427 offeratur,
795 1347 1023 1416 adesse
1053 1343 1421 1436 contigerit.
1460 1347 1549 1414 Ad
1589 1343 1956 1416 firmitatem
1992 1367 2248 1434 quoque
2289 1341 2534 1414 casteiti
2570 1343 2667 1413 sui

432 1462 520 1528 ve!
565 1474 752 1530 terrae
787 1482 921 1528 suae
960 1460 1159 1529 semel
1201 1460 1267 1528 in
1320 1481 1490 1528 anno
1531 1462 1809 1530 domnus
1862 1460 2230 1529 Rainaudus
2261 1456 2521 1527 habebit
2549 1461 2672 1529 ho-

430 1574 637 1644 mines
678 1577 928 1642 Sanctae
968 1569 1190 1642 Crucis
1244 1595 1355 1662 per
1413 1575 1489 1642 vl
1531 1573 1717 1656 dies;
1765 1571 1848 1642 ita
1911 1586 2124 1642 tamen
2166 1573 2336 1660 quod
2381 1569 2673 1642 minister

432 1701 613 1758 terrae
665 1690 912 1757 Sanctae
973 1684 1194 1756 Crucis
1234 1689 1531 1756 homines
1568 1684 1956 1766 semonebit‚
1997 1707 2145 1755 cum
2176 1708 2211 1754 a
2248 1687 2486 1755 domno
2528 1684 2673 1755 Rai-

430 1802 643 1869 naudo
675 1803 771 1870 vel
812 1802 951 1871 suis
987 1798 1415 1871 servientibus
1457 1799 1645 1870 tuerit
1683 1799 2078 1871 admonitus.
2116 1801 2300 1885 Quod
2343 1798 2396 1868 si
2439 1799 2670 1890 aliquis

431 1913 765 1983 hominum
807 1910 1183 2004 aegritudine
1231 1912 1466 2009 proprii
1510 1912 1799 2005 corporis
1848 1916 1945 1984 ve!
2007 1912 2127 1982 alia
2174 1911 2520 1983 occasione
2564 1914 2680 1983 de·-

432 2034 648 2090 tentus
688 2018 985 2103 defuerit,
1054 2034 1147 2091 tot
1188 2022 1485 2092 homines
1523 2023 1589 2090 in
1647 2043 1842 2110 opere
1881 2034 2099 2111 ponet.
2145 2018 2328 2105 Quod
2363 2018 2486 2089 nisi
2543 2017 2682 2111 ipse

429 2137 680 2217 fecerit,
720 2137 963 2205 clamor
1022 2132 1170 2206 inde
1213 2138 1291 2205 ad
1335 2133 1700 2204 ministrum
1760 2138 2011 2204 Sanctae
2048 2132 2269 2203 Crucis
2321 2131 2454 2215 fiet,
2498 2147 2563 2204 et
2602 2137 2682 2204 de

430 2247 822 2321 rectitudine
878 2273 1007 2320 non
1063 2250 1206 2341 plus
1268 2271 1459 2337 quam
1523 2270 1702 2318 suam
1747 2249 1954 2337 legem
2014 2250 2357 2338 persolvet.
2403 2250 2586 2334 Quod
2629 2248 2684 2318 si

426 2366 593 2435 torte
636 2364 917 2437 domnus
958 2362 1323 2437 Ruinaudus
1354 2362 1416 2431 in
1444 2363 1805 2451 equitatum
1831 2359 1922 2432 ire
1955 2364 2245 2442 voluerit,
2290 2378 2355 2433 et
2385 2364 2683 2433 homines

430 2498 564 2547 suae
602 2489 793 2547 terrae
834 2499 1059 2547 secum
1098 2474 1370 2556 duxerit,
1431 2473 1729 2546 ministro
1779 2479 2030 2547 Sanctae
2081 2478 2306 2549 Crucis
2358 2475 2686 2549 mandabit

425 2591 735 2678 quatinus
755 2593 1007 2661 Sanctae
1030 2586 1249 2661 Crucis
1282 2588 1580 2661 homines
1610 2612 1757 2661 cum
1782 2610 1863 2660 eo
1893 2588 2211 2681 proficisci
2240 2602 2672 2661 commoneat.

428 2706 623 2788 Quod
653 2702 710 2772 si
742 2702 975 2794 aliquis
1012 2701 1346 2775 hominum
1390 2702 1841 2794 praedictorum
1893 2701 1985 2774 ire
2023 2706 2513 2795 contempserit,
2555 2703 2682 2775 nisi

426 2817 701 2890 evidens
753 2816 1287 2908 impedimentum
1356 2816 1669 2897 habuerit,
1716 2820 1996 2890 domnus
2037 2818 2406 2890 Rainaudus
2444 2821 2524 2889 ad
2566 2819 2683 2889 mi-

429 2930 709 3004 nistrnm
757 2935 1009 3003 Sanctae
1049 2936 1277 3003 Crucis
1320 2935 1665 3006 clamorem
1726 2934 1877 3006 inde
1915 2930 2130 3017 faciet,
2176 2947 2241 3004 et
2305 2937 2385 3005 de
2424 2932 2684 3008 rectitu-

425 3047 583 3118 dine
621 3068 749 3118 non
806 3049 951 3135 plus
987 3070 1179 3136 quam
1241 3051 1447 3136 legem
1491 3047 1775 3118 hominis
1834 3045 2117 3117 habebit.
2180 3050 2306 3120 Nec
2348 3061 2563 3119 tamen
2603 3051 2680 3119 ad

426 3158 1211 3252 hujusmodi[equitatum]
1258 3160 1552 3232 homines
1594 3164 1844 3231 Sanctae
1901 3163 2124 3231 Crucis
2159 3162 2303 3232 sine
2344 3165 2686 3253 praesentia

426 3272 651 3345 domni
696 3273 1002 3346 Rainaudi
1030 3276 1240 3344 ibunt.
1270 3279 1513 3363 Neque,
1542 3272 1799 3347 etiamsi
1828 3275 2105 3383 domnus
2137 3276 2504 3348 Rainaudus
2531 3299 2689 3366 prae-

428 3410 588 3464 sens
617 3386 833 3470 fuerit,
873 3411 1101 3462 secum
1128 3392 1337 3468 ibunt,
1373 3387 1495 3460 nisi
1528 3387 1828 3460 homines
1861 3412 1996 3458 suae
2026 3403 2209 3460 terrae
2239 3412 2461 3462 secum
2488 3393 2686 3462 duxe-

428 3503 539 3574 rit.
589 3507 911 3575 Praeterea
937 3517 1074 3575 erat
1099 3502 1267 3575 inter
1296 3505 1605 3576 domnum
1639 3502 2035 3576 Rainaudum
2066 3519 2129 3576 et
2155 3503 2504 3578 canonicos
2537 3528 2688 3584 con·

433 3621 638 3688 tentio
695 3621 777 3688 de
814 3640 1044 3689 novem
1092 3616 1346 3688 familiis
1384 3642 1529 3707 quae
1569 3620 1872 3688 dicuntur
1919 3621 1999 3689 de
2039 3623 2265 3700 Puteo,
2312 3619 2568 3694 scilicet
2607 3623 2688 3691 de

434 3728 775 3809 Aimerico‚
822 3733 901 3801 de
941 3735 1215 3813 Andrea,
1254 3746 1319 3802 et
1358 3734 1446 3808 de
1502 3753 1694 3801 uxore
1728 3734 2079 3816 Baudonis‚
2121 3734 2201 3803 de
2239 3734 2571 3818 Garnerio,
2606 3736 2686 3804 de

434 3847 761 3926 Brunone,
805 3847 884 3915 de
935 3849 1122 3916 Petro
1169 3849 1359 3916 fratre
1408 3868 1664 3927 eorum,
1706 3847 1786 3915 de
1842 3846 2142 3929 Manerio,
2189 3850 2267 3917 de
2326 3852 2579 3938 pagano
2619 3861 2685 3918 et

436 3980 632 4029 uxore
672 3957 954 4042 Vasleti;
1019 3961 1101 4030 de
1153 3958 1388 4050 quibus
1430 3957 1492 4028 in
1544 3961 1717 4029 hunc
1759 3961 2020 4030 modurn
2074 3983 2190 4050 pax
2243 3960 2571 4042 convenit,
2616 3974 2683 4031 ut

435 4074 718 4146 domnus
759 4071 1126 4144 Rainaudus
1155 4076 1420 4144 haberet
1452 4070 1854 4144 Hamericum
1893 4087 1958 4144 et
1998 4076 2316 4146 Andream
2363 4098 2511 4146 cum
2554 4087 2687 4146 toto

436 4189 647 4257 fructu
710 4208 964 4266 eorum,
1041 4203 1104 4258 et
1164 4209 1358 4258 uxore
1436 4186 1782 4271 Baudonis,
1852 4207 1999 4260 cum
2057 4185 2402 4259 medietate
2439 4192 2687 4260 fructus

437 4321 695 4383 eorum,
758 4298 907 4390 quia
944 4302 1163 4372 Baudo
1214 4304 1406 4388 homo
1448 4305 1701 4372 Sanctae
1760 4299 1984 4374 Crucis
2021 4316 2168 4383 est;
2232 4301 2517 4391 reliquos
2577 4326 2688 4374 au·

442 4421 575 4484 tem
602 4415 683 4482 v1
720 4413 1015 4486 canonici
1055 4437 1201 4486 cum
1244 4429 1378 4486 toto
1416 4437 1537 4485 suo
1596 4418 1805 4486 fructu
1845 4417 2100 4505 quietos
2149 4418 2483 4488 haberant.
2544 4419 2691 4486 Erat

439 4525 632 4598 etiam
667 4527 787 4597 alia
814 4527 1245 4599 controversia
1275 4529 1443 4600 inter
1472 4535 1825 4600 canonicos
1849 4543 1916 4600 et
1941 4532 2248 4600 domnum
2290 4531 2686 4600 Rainaudum

441 4629 523 4710 de
551 4642 927 4713 hominibus
961 4644 1041 4714 de
1072 4640 1339 4716 Maziaco
1362 4642 1472 4734 qui
1512 4656 1687 4714 extra
1709 4657 1942 4714 terram
1976 4647 2227 4716 Sanctae
2258 4644 2479 4715 Crucis
2510 4657 2683 4729 sunt,
