3485 5571
1813 692 1890 703 ..
1933 655 2052 720 270
2094 692 2170 702 -

863 780 1090 853 litteris
1136 779 1409 853 vidimus
1472 783 1817 866 contineri,
1867 783 2320 854 ordinaverunt
2359 782 2423 853 in
2462 787 2636 855 hunc
2684 788 2949 866 modum,
3015 798 3088 854 ut

863 894 1107 967 scilicet
1149 907 1326 968 etc...
1372 895 1512 967 sine
1576 896 1882 968 dilatione
1933 911 1999 969 et
2052 896 2479 969 diminutione
2527 902 2776 969 solvere
2812 914 3087 969 teneren-

859 1023 983 1078 tur.
1026 1014 1153 1081 Nos
1192 1024 1405 1081 autem
1435 1013 1653 1083 omnia
1694 1035 1820 1103 que
1849 1034 2044 1102 super
2082 1012 2415 1102 premissis
2453 1035 2486 1082 a
2511 1010 2811 1103 predictis
2845 1009 3088 1081 arbitris

859 1123 1149 1195 ordinata
1188 1139 1341 1196 sunt
1378 1139 1442 1196 et
1482 1139 1719 1197 statuta
1742 1129 2201 1219 approbantes,
2234 1149 2307 1198 ea
2343 1125 2722 1198 auctoritate
2755 1124 3089 1217 apostolica

858 1237 1047 1308 nobis
1084 1240 1152 1308 in
1184 1241 1305 1309 hac
1347 1254 1526 1331 parte
1565 1242 1918 1311 commissa
1947 1242 2426 1312 confirmamus.
2470 1243 2537 1310 ln
2568 1241 2756 1332 cujus
2786 1242 2875 1311 rei
2910 1240 3084 1310 testi-

857 1351 1145 1422 monium
1202 1365 1568 1444 presentem
1634 1355 1931 1446 paginam
1996 1353 2350 1445 sigillorum
2416 1367 2782 1426 nostrorum
2835 1352 3089 1425 {ecimus

856 1464 1212 1538 munimine
1294 1468 1608 1539 roborari.
1695 1473 1927 1540 Datum
2024 1492 2194 1539 anno
2277 1467 2537 1540 Domini
2642 1471 2797 1539 MCC
2874 1481 3089 1539 octavo

851 1578 1131 1666 decimo,
1170 1604 1393 1653 mense
1434 1581 1751 1673 januario,
1817 1581 1881 1652 in
1917 1581 2198 1654 crastino
2251 1584 2620 1654 octabarum
2679 1581 2896 1653 Sancti
2938 1580 3089 1651 Vin·

858 1716 1089 1765 cencn.

1854 2009 2116 2071 CLXXX

1822 2285 1942 2347 Mai
1987 2283 2144 2346 1219

854 2535 932 2589 Le
962 2534 1212 2605 chapitre
1251 2540 1304 2589 et
1334 2535 1387 2588 le
1413 2535 1548 2590 cure
1568 2534 1635 2589 de
1657 2534 1880 2604 Neung,
1898 2530 2066 2590 d’une
2079 2540 2223 2606 part,
2251 2540 2306 2591 et
2333 2534 2716 2590 l'archidiacre
2744 2534 2812 2588 de
2841 2534 3090 2603 Sologne,

926 2630 1144 2686 d’autre
1171 2636 1317 2703 part,
1361 2631 1695 2686 choisissent
1744 2631 1994 2703 l’eveque
2040 2632 2334 2687 d'Orleans
2382 2647 2602 2685 comme
2645 2630 2852 2686 arbitre
2880 2629 2947 2684 de
2972 2629 3090 2684 leur

924 2726 1197 2782 differend
1226 2742 1299 2782 au
1345 2728 1493 2799 sujet
1546 2728 1623 2783 du
1672 2728 1820 2783 droit
1858 2728 1928 2784 de
1956 2729 2068 2800 gite
2114 2728 2148 2782 a
2191 2728 2411 2799 Neung,
2460 2726 2707 2782 reclamo
2748 2742 2845 2798 par
2876 2725 3090 2780 l’archi-

926 2824 1133 2881 diacre.

1339 2962 1519 3035 (Orig.
1554 2980 1599 3018 s.
1632 2962 1825 3035 par-ch.
1853 2963 2025 3019 Arch.
2050 2963 2128 3019 du
2153 2963 2359 3035 Loiret,
2381 2962 2448 3019 G.
2480 2962 2642 3033 353.)

939 3183 1073 3271 Ego
1112 3177 1406 3261 Garinus,
1450 3177 1941 3251 archidiaconus
1970 3178 2316 3271 Sigalonie,
2359 3193 2580 3252 notum
2610 3183 2757 3253 volo
2786 3177 2914 3252 fieri
2958 3177 3087 3250 uni·-

853 3298 1063 3366 versis
1103 3292 1273 3384 quod
1314 3316 1460 3364 cum
1501 3293 1667 3364 inter
1705 3293 2057 3385 capitulum
2090 3293 2548 3367 Aurelianense
2580 3310 2731 3366 et...
2781 3292 3088 3387 presbite-

851 3430 992 3478 rum
1036 3411 1115 3479 de
1174 3405 1378 3494 Naim,
1440 3430 1515 3478 ex
1576 3430 1699 3478 una
1765 3420 1968 3498 parte,
2015 3422 2078 3478 et
2131 3432 2258 3494 me,
2320 3431 2393 3480 ex
2462 3412 2683 3496 altera,
2748 3421 3087 3480 verteretur

851 3522 1192 3595 contencio
1232 3545 1427 3614 super
1466 3521 1916 3613 procuratione
1946 3545 2136 3614 quam
2166 3522 2360 3594 michi
2388 3522 2607 3594 deberi
2646 3545 2682 3594 a
2723 3524 2894 3594 dicto
2925 3544 3089 3615 pres·

852 3636 1056 3708 bitero
1085 3639 1482 3720 asserebam,
1521 3639 1872 3726 capitulum
1922 3649 1987 3707 et
2026 3637 2195 3708 idem
2230 3635 2570 3728 presbiter,
2613 3660 2690 3708 ex
2729 3661 2852 3708 una
2894 3647 3085 3729 parte,

849 3766 914 3823 et
944 3773 1090 3843 ego,
1121 3773 1195 3822 ex
1223 3754 1444 3833 altera,
1483 3750 1547 3819 in
1587 3750 2021 3821 venerabilem
2061 3764 2307 3842 patrem
2347 3763 2414 3822 et
2452 3749 2787 3823 dominum
2827 3752 3084 3843 Manas-

851 3867 1047 3957 sem]‚
1083 3865 1604 3935 Aurelianensem
1643 3862 2049 3955 episcopum,
2091 3863 2686 3954 compromisimus,
2728 3865 3088 3955 promitten-

855 3993 956 4051 tes
1018 3983 1143 4050 sub
1210 4001 1373 4070 pena
1434 3980 1660 4048 decem
1713 3978 2016 4048 librarum
2076 3981 2249 4069 quod
2302 3979 2816 4062 observabimuS‚
2888 3992 3085 4050 ratum

854 4093 1235 4165 habebimus
1299 4105 1365 4163 et
1429 4095 1682 4162 firmum
1747 4091 2051 4182 quicquid
2110 4091 2279 4163 idem
2346 4092 2693 4184 episcopus
2746 4102 3084 4185 super-tota

849 4211 1077 4279 eadem
1127 4205 1562 4278 controversia
1622 4204 1870 4276 duxerit
1920 4207 2392 4292 ordinandum;
2458 4210 2650 4279 debet
2707 4220 2922 4278 autem
2974 4204 3080 4276 ista

849 4320 1189 4393 contencio
1230 4320 1394 4390 infra
1456 4319 1704 4391 instans
1751 4323 1986 4390 festum
2045 4319 2349 4390 Omnium
2403 4325 2784 4392 Sanctorum
2821 4315 3082 4412 plenarie

849 4434 1158 4518 diffiniri3
1246 4433 1527 4526 alioquin
1598 4448 1833 4505 extunc
1896 4434 2389 4525 compromissio
2450 4456 2577 4505 non
2677 4447 2916 4518 teneat,
2972 4428 3080 4502 nisi

851 4549 1165 4621 terminus
1226 4551 1306 4620 de
1389 4571 1715 4619 consensu
1793 4547 2078 4640 parcium
2157 4563 2556 4639 prorogetur.
2639 4553 2870 4621 Actum
2931 4564 3076 4619 anno

848 4664 1106 4734 Domini
1147 4665 1297 4735 MCC
1334 4685 1506 4735 nono
1531 4661 1809 4746 decimo,
1851 4684 2076 4733 mense
2101 4663 2292 4733 maio.
