3485 5571
1699 646 2054 715 ——308-

1753 930 2008 992 CCXVII

1793 1190 1949 1253 1228

743 1416 1127 1486 Composition
1145 1421 1301 1470 entre
1322 1415 1371 1470 le
1400 1413 1648 1487 chapitre
1670 1418 1726 1467 et
1747 1413 1961 1469 Aubert
1980 1413 2049 1468 de
2061 1413 2341 1484 Villepion
2383 1415 2649 1468 touchant
2672 1413 2883 1486 l’usage
2906 1415 2972 1470 de

813 1511 1127 1583 Planquine
1157 1516 1212 1566 et
1243 1510 1536 1566 l‘exercice
1567 1510 1636 1564 de
1660 1515 1746 1564 cet
1781 1525 1950 1580 usage
1975 1524 1988 1564 ε
2016 1526 2128 1565 une
2155 1511 2434 1565 charrette
2464 1511 2531 1565 de
2560 1510 2682 1565 bois
2708 1528 2809 1584 par
2830 1513 2986 1582 jour,

814 1615 867 1662 et
895 1608 992 1662 des
1021 1607 1311 1662 charniers
1340 1607 1610 1673 (echalas)
1641 1623 1710 1660 en
1737 1605 1977 1660 nombre
1997 1605 2201 1662 limite.

887 1746 1068 1817 (Orig.
1104 1763 1150 1801 s,
1183 1745 1374 1816 parch.
1411 1745 1580 1799 Arch.
1614 1743 1690 1799 du
1721 1744 1929 1814 Loiret‚
1961 1745 2026 1799 G.
2058 1743 2202 1813 2683
2237 1745 2487 1800 mention
2516 1744 2855 1816 Scriptum).

833 1936 1189 2027 Philippus,
1254 1935 1368 2007 Dei
1442 1936 1639 2027 gratia
1702 1935 2177 2007 Aurelianensis
2241 1934 2613 2028 episcopus,
2675 1938 2989 2008 universis

748 2064 1080 2142 presentes
1137 2051 1381 2121 litteras
1435 2049 1826 2141 inspecturis
1880 2049 1942 2119 in
2009 2049 2283 2121 Domino
2338 2053 2637 2121 salutem.
2681 2051 2977 2122 Noverint

744 2165 1019 2236 universi
1081 2168 1253 2255 quod
1305 2163 1519 2235 dilecti
1584 2167 1650 2234 in
1722 2164 1976 2235 Christo
2023 2167 2142 2235 filii
2194 2167 2479 2235 decanus
2531 2180 2595 2236 et
2642 2164 2986 2256 capitulum

741 2279 1223 2361 Aurelianense,
1253 2302 1327 2350 ex
1357 2302 1477 2349 una
1496 2294 1699 2375 parte,
1725 2282 2134 2350 etAubertus
2165 2280 2245 2349 de
2271 2280 2642 2370 Vilerpium,
2677 2281 2886 2361 miles,
2917 2303 2987 2351 ex

740 2396 963 2475 altera,
1006 2407 1387 2483 rogaverunt
1428 2415 1548 2463 nos
1588 2393 1762 2482 quod
1813 2391 1909 2462 eis
1950 2393 2191 2463 litteras
2233 2407 2486 2464 nostras
2531 2391 2988 2485 testimoniales

741 2510 1250 2578 concederemus
1306 2529 1500 2597 super
1553 2504 1884 2576 decisione
1939 2504 2374 2576 contentionis
2414 2528 2537 2597 que
2587 2509 2792 2577 luerat
2828 2506 2987 2599 inter

740 2620 967 2711 ipsos;
1008 2644 1198 2713 quam
1248 2624 1730 2691 contentionem
1782 2634 1847 2691 et
1899 2643 2091 2710 quam
2151 2619 2549 2692 decisionem
2605 2643 2992 2711 recognove-

742 2750 889 2805 runt
923 2757 1140 2806 coram
1175 2733 1360 2806 nobis
1403 2733 1610 2806 taliter
1638 2733 2060 2826 processisse,
2102 2732 2398 2806 videlicet
2427 2738 2595 2825 quod
2624 2757 2770 2805 cum
2798 2749 2989 2806 verte-

745 2864 923 2921 retur
963 2848 1293 2920 contentio
1324 2849 1491 2920 inter
1533 2851 1860 2940 predictos
1899 2851 2214 2919 decanum
2247 2863 2311 2919 et
2340 2848 2718 2939 capitulum,
2757 2872 2829 2921 ex
2873 2873 2992 2920 una

744 2979 944 3056 parte,
1005 2977 1067 3034 et
1128 2962 1637 3053 prenominatum
1720 2966 2092 3045 Aubertum,
2146 2986 2221 3033 ex
2279 2967 2501 3045 altera,
2553 2987 2749 3054 super
2807 2965 2990 3033 modo

744 3079 1043 3168 capiendi
1070 3081 1147 3146 ab
1180 3077 1344 3167 ipsc,
1380 3076 1652 3167 singulis
1693 3077 1950 3160 diebuS,
1984 3100 2175 3147 unam
2206 3081 2646 3168 quadrigatam
2683 3078 2988 3168 lignorum

741 3192 803 3261 in
848 3213 1109 3261 nemore
1143 3190 1400 3282 capituli
1446 3194 1524 3261 de
1562 3195 1937 3281 Planquene
1960 3212 1979 3279 ;
2015 3194 2272 3263 tandem
2310 3191 2576 3282 predicti
2609 3195 2892 3262 decanus
2928 3205 2990 3261 et

742 3304 1090 3396 capitulum
1131 3317 1194 3374 et
1230 3303 1400 3375 idem
1442 3308 1786 3388 Aubertus‚
1827 3309 1906 3375 de
1956 3328 2282 3376 consensu
2326 3304 2536 3376 uxoris
2578 3329 2696 3377 sue
2733 3321 2798 3377 et
2836 3307 2991 3376 filio—

688 3449 691 3452 ·
741 3443 879 3489 rum
922 3442 1212 3500 suorum,
1262 3422 1385 3489 fide
1416 3423 1494 3488 ab
1534 3418 1628 3490 eis
1670 3433 1953 3509 recepta,
1996 3433 2201 3490 totum
2244 3418 2629 3490 ordinationi
2669 3434 2734 3491 et
2784 3422 2987 3490 decla-

742 3532 970 3603 rationi
1012 3532 1389 3603 dilectorum
1462 3533 1733 3604 filiorum
1775 3532 2073 3626 L[eberti]
2119 3533 2371 3621 decani,
2403 3532 2681 3626 J[acobi]
2717 3532 2991 3604 cantoris

743 3661 808 3718 et
865 3647 1174 3739 H[enrici]
1232 3646 1663 3718 archidiaconi
1709 3647 2192 3719 Aurelianensis
2233 3651 2383 3717 haut
2436 3662 2500 3719 et
2557 3651 2670 3719 bas
2723 3646 2990 3720 commi-

746 3777 993 3832 serunt.
1034 3761 1158 3850 Ipsi
1201 3784 1375 3843 vero,
1418 3764 1498 3831 de
1541 3785 1868 3832 consensu
1895 3761 2244 3852 *utriusque
2270 3761 2496 3852 partis,
2540 3764 2624 3832 ita
2665 3762 2992 3833 ordinave-

745 3889 891 3944 runt
956 3890 1020 3945 et
1082 3877 1563 3945 declaraverunt
1620 3879 1794 3965 quod
1853 3874 2020 3946 idem
2091 3879 2407 3946 Aubertus
2471 3890 2537 3947 et
2598 3879 2740 3966 ejus
2810 3880 2992 3948 heres

745 3988 1112 4061 successive
1174 3987 1235 4057 in
1303 4005 1679 4080 perpetuum
1736 3988 2009 4080 singulis
2075 3989 2301 4060 diebus
2361 3989 2592 4079 poterit
2646 4013 2876 4082 capere
2929 3989 2989 4059 in

743 4128 1008 4175 nemore
1061 4103 1321 4194 capituli
1388 4107 1468 4172 de
1510 4106 1868 4194 Planquena
1924 4127 2111 4174 unam
2165 4107 2365 4174 solam
2406 4104 2845 4195 quadrigatam
2907 4106 2981 4175 ad

642 4230 646 4234 ’
740 4221 903 4289 duos
961 4240 1162 4308 equos
1214 4232 1485 4300 tantum,
1553 4216 1685 4288 sive
1745 4220 1823 4287 de
1890 4217 2026 4289 vivo
2086 4216 2219 4290 sive
2260 4221 2340 4289 de
2394 4234 2649 4289 mortuo
2707 4241 2988 4302 nemore,

740 4355 972 4422 magno
1023 4335 1116 4402 vel
1172 4355 1387 4423 parvo,
1444 4331 1661 4421 gracili
1714 4334 1807 4401 vel
1859 4354 2112 4422 grosso,
2156 4331 2242 4402 ita
2294 4347 2507 4402 tamen
2557 4335 2730 4422 quod
2768 4355 2989 4403 nemus

737 4445 887 4515 illud
938 4470 1063 4517 non
1118 4444 1345 4535 poterit
1398 4449 1645 4515 trahere
1689 4448 1781 4515 vel
1825 4448 2063 4517 ducere
2128 4446 2250 4516 nisi
2292 4449 2371 4516 ad
2417 4445 2521 4516 illa
2586 4448 2988 4517 solummodo

735 4563 872 4629 loca
906 4559 1069 4629 feodi
1111 4558 1209 4629 sui
1261 4582 1386 4648 que
1428 4569 1603 4629 tenet
1652 4562 1731 4628 ab
1774 4558 1893 4630 eis.
1939 4566 1983 4629 A
2027 4562 2245 4630 medio
2285 4563 2637 4650 septembri
2682 4582 2884 4650 usque
2911 4561 2984 4629 ad

722 4661 1016 4744 =medium
1072 4672 1289 4743 marcii
1345 4675 1617 4743 tercium
1657 4695 1847 4763 equm
1902 4671 2133 4764 poterit
2174 4674 2426 4744 mittere
2480 4675 2548 4742 in
2608 4695 2982 4744 succursum
