3485 5571
1745 642 2063 703 -10...

780 770 859 838 ad
903 771 1372 859 procurandum
1400 790 1513 839 eos
1552 783 1614 838 et
1650 770 2080 858 presbiterum
2113 792 2338 840 eorum
2369 768 2431 839 in
2455 768 2890 842 anniversario
2915 776 3028 844 do-

778 882 950 953 mine
1017 884 1372 953 Adenordis
1410 884 1579 972 quod
1612 882 1940 953 annuatim
1969 885 2407 953 celebrabunt
2436 897 2499 954 et
2539 906 2756 955 meum
2797 901 2862 956 et
2900 887 3026 959 mei

781 995 976 1088 patris
1007 1011 1070 1067 et
1121 995 1247 1066 mei
1286 995 1544 1067 heredis
1601 998 1706 1087 qui
1750 1000 1874 1067 hoc
1937 996 2337 1068 concesserit
2398 996 2902 1069 anniversarium
2964 1014 3029 1072 et

778 1130 893 1198 pro
935 1106 1123 1178 nobis
1153 1121 1421 1198 pascent
1450 1119 1665 1176 unum·
1687 1128 2059 1196 pauperem.
2108 1109 2325 1176 Preter
2363 1109 2486 1176 hoc
2527 1129 2646 1196 ego
2689 1106 2904 1176 Simon
2947 1110 3027 1176 do

779 1224 1114 1291 monachis
1177 1223 1394 1291 Sancti
1458 1219 1740 1311 Sepulcri
1798 1222 1878 1290 (le
1940 1218 2357 1310 Balgenciaco
2400 1224 2448 1288 ll
2506 1219 2749 1290 solidos
2788 1243 3025 1291 census

779 1336 860 1407 ad
898 1338 1371 1428 procurandum
1433 1334 1768 1406 monachis
1817 1337 1881 1404 in
1942 1333 2045 1406 die
2083 1334 2498 1406 anniversarii
2538 1335 2797 1406 domine
2865 1338 3026 1405 Ade-

781 1449 1002 1521 nordis
1066 1454 1235 1541 quod
1330 1472 1478 1521 cum
1567 1450 1871 1520 omnibus
1942 1448 2328 1540 supradictis
2407 1448 2858 1520 anniversariis
2933 1448 3021 1519 uti

779 1567 1079 1656 quodque
1135 1564 1442 1636 acciderit
1492 1568 1928 1635 celebrabunt.
1993 1567 2125 1655 Ego
2178 1570 2413 1655 Symon
2454 1567 2534 1635 de
2595 1566 3014 1654 Balgenciaco

779 1702 895 1770 pro
936 1703 1040 1750 me
1080 1694 1144 1751 et
1173 1702 1318 1751 meo
1359 1694 1535 1770 patre
1575 1694 1641 1750 et
1678 1679 1935 1750 domina
1969 1683 2306 1751 Adenorde
2345 1693 2409 1750 et
2447 1703 2563 1771 pro
2602 1702 2749 1751 meo
2788 1682 3023 1751 herede

778 1795 884 1883 qui
919 1797 1044 1864 hoc
1083 1794 1479 1865 concesserit
1520 1796 1602 1863 do
1648 1794 1710 1863 in
1753 1807 2133 1885 perpetuum
2164 1798 2216 1865 V
2253 1795 2495 1865 solidos
2530 1817 2768 1865 census
2806 1793 3019 1866 abbati

774 1907 1137 1978 Elemosinc
1201 1910 1281 1979 ad
1338 1910 1813 1999 procurandum
1871 1931 2179 1979 monacos
2231 1912 2311 1978 de
2379 1907 2666 1999 piscibus
2707 1910 2771 1978 in
2829 1911 3014 1979 anni-

780 2021 1060 2093 versario
1098 2024 1359 2094 domine
1398 2021 1780 2094 Adenordis.
1832 2022 1957 2113 lpsi
1989 2045 2244 2113 quoque
2284 2023 2798 2113 supradictorum
2837 2022 3020 2093 anni-

782 2136 1056 2208 versaria
1128 2136 1218 2206 uti
1295 2140 1594 2227 quodque
1682 2135 1989 2208 acciderit
2063 2136 2392 2207 annuatim
2471 2140 2888 2207 celebrabunt
2961 2150 3024 2208 et

780 2265 1047 2342 pascent
1085 2274 1279 2319 unum
1326 2273 1697 2342 pauperem.
1750 2254 1880 2340 Ego
1933 2255 2170 2341 Symon
2214 2273 2325 2341 pro
2383 2249 2626 2321 eisdem
2668 2265 2731 2321 et
2792 2253 3022 2322 eodem

781 2367 972 2436 modo
1010 2367 1094 2435 do
1138 2364 1733 2437 sanctimonialibus
1791 2368 1983 2435 Beate
2043 2366 2237 2434 Marie
2298 2367 2378 2435 de
2436 2363 2735 2454 Hospicio
2798 2368 2849 2434 11
2912 2387 3024 2436 so-

787 2479 954 2550 lidos
990 2502 1229 2550 census
1268 2482 1345 2549 ad
1408 2481 1880 2570 procurandum
1947 2478 2241 2549 dominas
2308 2481 2388 2549 de
2443 2477 2731 2570 piscibus
2793 2478 2857 2548 in
2922 2478 3024 2550 die

784 2592 1198 2664 anniversarii
1260 2592 1518 2663 domine
1581 2592 1935 2678 Adenordis
1993 2596 2164 2682 quod
2221 2591 2549 2663 annuatim
2609 2595 3026 2663 celebrabunt

788 2721 852 2778 et
889 2707 1080 2778 etiam
1118 2706 1476 2800 supradicta
1517 2706 1948 2778 anniversaria
1983 2719 2046 2777 et
2071 2706 2436 2798 hujusmodi
2462 2728 2699 2776 census
2718 2708 3024 2778 reddetur

784 2821 847 2891 in
883 2827 1046 2892 lesto
1085 2821 1289 2893 sancti
1330 2820 1614 2891 Firmini.
1644 2826 1776 2912 Ego
1808 2821 2025 2892 Simon
2070 2824 2151 2891 do
2198 2820 2527 2892 annuatim
2578 2844 2694 2912 pro
2750 2844 2891 2892 mea
2963 2837 3031 2893 et

786 2938 1028 3007 Radulfi
1062 2936 1185 3006 mei
1226 2935 1422 3027 patris
1460 2950 1524 3006 et
1582 2934 1841 3007 domine
1901 2935 2256 3006 Adenordis
2294 2949 2358 3006 et
2423 2934 2547 3006 mei
2606 2934 2864 3005 heredis
2916 2935 3028 3026 qui

782 3054 906 3120 hoc
981 3049 1378 3120 concesserit
1448 3048 1786 3120 animabus
1849 3071 2129 3120 marcam
2206 3047 2450 3138 argenti
2537 3048 2870 3119 monachis
2945 3050 3028 3120 de

786 3164 1093 3256 Cistell[o]
1138 3167 1216 3234 ad
1257 3166 1600 3234 emendum
1636 3162 1848 3254 pisces
1889 3161 2003 3234 toti
2043 3161 2389 3233 conventui
2427 3165 2687 3253 quando
2717 3166 3031 3234 tenebunt

783 3280 1160 3370 capitulum.
1214 3276 1338 3368 lpsi
1378 3299 1527 3348 vero
1575 3276 1807 3348 facient
1854 3277 2184 3347 annuatim
2226 3290 2286 3347 et
2359 3275 2645 3346 omnium
2693 3275 3030 3369 supradic-

785 3405 991 3462 torum
1032 3389 1466 3462 anniversario
1532 3405 1595 3461 et
1661 3413 1874 3461 meum
1941 3404 2005 3461 et
2069 3412 2181 3481 pro
2244 3389 2434 3461 nobis
2490 3405 2758 3480 pascent
2827 3412 3024 3460 unum

786 3528 1154 3597 pauperem.
1199 3507 1333 3594 Ego
1374 3503 1594 3574 Simon
1634 3527 1750 3595 pro
1790 3525 1931 3575 mea
1985 3518 2049 3574 et
2104 3505 2347 3575 Radulfi
2423 3503 2546 3574 mei
2598 3504 2802 3595 patris
2839 3519 3029 3594 atque

786 3618 911 3690 mei
955 3617 1209 3689 heredis
1246 3617 1354 3709 qui
1412 3621 1535 3688 hoc
1591 3620 1831 3688 donum
1897 3616 2298 3689 concesserit
2371 3617 2713 3688 animabus
2786 3631 2851 3688 et
2918 3640 3032 3709 pro

786 3732 1042 3803 domina
1101 3734 1435 3803 Adenorde
1492 3734 1802 3822 quicquid
1877 3735 2084 3804 habeo
2161 3732 2227 3803 in
2314 3735 2566 3803 duobus
2640 3731 3028 3803 molendinis

788 3845 1134 3916 Firmitatis
1190 3845 1478 3915 Nerbexzi
1524 3848 1607 3916 do
1639 3845 1701 3914 in
1737 3860 2114 3937 perpetuum
2154 3845 2429 3917 ecclesie
2463 3845 2634 3916 Beati
2659 3848 2915 3916 Evurcii
2951 3848 3029 3915 ad

785 3983 948 4052 opus
987 3962 1261 4050 coquine
1301 3974 1364 4030 et
1402 3960 1721 4050 grossiora
1787 3961 1954 4050 ligna
2007 3960 2071 4030 in
2137 3982 2284 4031 meo
2325 3981 2591 4030 nemore
2659 3958 3029 4050 accipienda

785 4077 1191 4146 solummodo
1254 4088 1562 4166 quantum
1626 4077 1901 4146 sufficiet
1976 4078 2054 4146 ad
2113 4074 2439 4167 proprium
2507 4098 2693 4145 usum
2763 4078 3029 4145 duorum

785 4188 1313 4275 molindinorum,
1379 4202 1444 4259 et
1506 4210 1832 4278 nunquam
1872 4192 1952 4259 ad
1992 4212 2176 4260 usum
2234 4191 2539 4274 excluse3
2608 4191 2778 4259 dono
2843 4191 3030 4259 etiam

786 4304 993 4375 eidem
1027 4302 1304 4374 ecclesie
1334 4305 1650 4392 quandam
1710 4326 1923 4374 aream
1958 4306 2132 4394 juxta
2182 4306 2303 4374 hec
2360 4301 2729 4373 molendina
2792 4301 2853 4372 in
2910 4323 3030 4392 qua

786 4420 871 4487 sit
906 4421 1136 4487 domus
1178 4414 1622 4487 molendinarii
1669 4417 1775 4506 qui
1837 4419 1920 4487 sit
1996 4420 2156 4487 liber
2194 4420 2388 4487 homo
2446 4432 2509 4487 et
2549 4439 2675 4486 non
2741 4418 2822 4487 de
2873 4438 3028 4486 con·

788 4529 1244 4602 suetudinariis
1339 4529 1708 4600 hominibus
1811 4530 2050 4601 domini
2136 4529 2554 4621 Balgenciaci.
2660 4529 2785 4621 Ipsi
2878 4551 3026 4600 vero

786 4648 1205 4720 celebrabunt
1250 4644 1575 4716 annuatim
1639 4657 1704 4715 et
1771 4667 1982 4715 meum
2039 4659 2103 4715 et
2160 4643 2444 4715 omnium
2517 4643 3026 4736 supradictorum
