3485 5571
1422 666 1779 733 —515—

473 807 629 879 tata,
658 794 920 886 prestito
944 818 978 865 a
1007 794 1180 867 dicto
1211 808 1646 888 procuratore,
1682 793 1942 865 nomine
1972 817 2099 885 quo
2126 817 2350 886 supra,
2383 808 2446 865 et
2471 818 2508 867 a
2539 792 2729 866 dictis

472 911 605 981 reis
637 931 831 999 super
870 907 1203 1001 premissis
1243 911 1608 1002 calumpnie
1634 911 2024 1000 juramento,
2058 907 2241 979 sactis
2282 908 2728 1001 posicionibus

473 1044 550 1093 ex
576 1036 755 1112 parte
783 1022 934 1094 dicti
963 1026 1397 1122 procuratoris
1425 1022 1687 1094 nomine
1711 1045 1837 1113 quo
1865 1044 2080 1114 supra,
2106 1032 2171 1094 et
2198 1021 2728 1113 responsionibus

472 1156 548 1206 ex
607 1151 787 1228 parte
847 1139 1168 1208 dictorum
1229 1160 1485 1210 reorum
1548 1139 1626 1208 ad
1679 1138 1968 1221 easdem,
2018 1139 2433 1229 postmodum
2493 1140 2728 1208 subse-

474 1249 694 1340 quutis
734 1249 898 1321 datis
938 1250 1364 1323 dilacionibus
1392 1249 1581 1323 dictis
1622 1253 1750 1322 reis
1781 1252 1858 1321 ad
1901 1253 2389 1342 proponendum
2432 1273 2506 1321 ex
2551 1264 2730 1342 parte

472 1360 761 1455 ipsorum
793 1385 1048 1435 reorum
1086 1387 1312 1435 coram·
1358 1363 1543 1435 nobis
1596 1364 1659 1434 in
1721 1362 1978 1454 scriptis
2027 1386 2256 1435 omnes
2316 1363 2728 1456 exceptiones

474 1500 627 1549 suas
660 1492 1096 1570 peremptores
1136 1482 1201 1549 in
1243 1501 1434 1551 causa
1476 1479 1786 1571 predicta,
1816 1477 1871 1549 si
1893 1500 2055 1568 quas
2083 1481 2315 1549 vellent
2343 1501 2726 1570 proponere,

474 1596 916 1684 conclusoque
942 1594 1006 1662 in
1048 1592 1185 1685 ipsa
1216 1616 1433 1678 causa,
1495 1606 1559 1664 et
1606 1593 1865 1664 tandem
1927 1591 2029 1663 die
2062 1591 2227 1683 jovis
2269 1606 2414 1685 post
2464 1594 2729 1665 estivale

475 1710 714 1779 festum
754 1706 958 1779 sancti
999 1709 1317 1800 Nycholay
1345 1706 1669 1799 assignata
1708 1707 1899 1777 dictis
1942 1708 2226 1796 partibus
2286 1730 2502 1778 coram
2541 1708 2726 1779 nobis

477 1824 558 1893 ad
591 1821 1035 1893 diffiniendum
1079 1823 1144 1892 in
1182 1823 1317 1913 ipsa
1357 1844 1575 1904 causa,
1615 1820 1754 1913 ipsa
1781 1822 1888 1891 die
1925 1819 2216 1893 Naudino
2257 1821 2337 1892 de
2378 1824 2728 1913 Chautayo,

478 1937 746 2020 elerico,
788 1948 1202 2026 comparente
1234 1958 1345 2026 pro
1388 1934 1559 2006 dicto
1600 1947 2013 2025 procuratore
2043 1947 2108 2004 et
2152 1948 2417 2006 cavente
2449 1957 2563 2026 pro
2589 1934 2731 2026 ipso

478 2050 560 2120 ad
597 2071 827 2140 penam
855 2051 1078 2119 decem
1123 2050 1427 2118 librarum
1454 2049 1534 2118 de
1559 2062 1722 2133 rato,
1767 2061 1832 2119 et
1862 2045 2052 2117 dictis
2091 2049 2221 2119 reis
2253 2071 2367 2138 pro
2399 2070 2470 2119 se
2509 2070 2732 2139 perso-

478 2161 712 2233 naliter
737 2185 951 2234 coram
976 2162 1161 2233 nobis
1192 2160 1519 2252 injudicio
1543 2162 2065 2254 comparentibus
2088 2174 2152 2231 et
2182 2183 2375 2253 super
2403 2162 2735 2252 premissis

482 2278 588 2369 jus
617 2300 732 2348 seu
765 2275 1160 2347 diffinitivam
1185 2274 1584 2348 sentenciam
1616 2277 1740 2346 sibi
1769 2299 1803 2346 a
1846 2276 2032 2346 nobis
2070 2298 2218 2346 cum
2250 2275 2561 2347 instancia
2590 2275 2734 2349 ferri

484 2393 932 2482 poscentibuS,
974 2414 1120 2473 nos,
1184 2393 1346 2461 actis
1395 2388 1600 2482 ipsius
1657 2412 1854 2461 cause
1909 2389 2057 2460 visis
2115 2404 2180 2460 et
2236 2388 2575 2481 diligenter
2614 2390 2739 2461 ins-

482 2504 731 2597 criptis,
781 2504 1382 2595 communicatoque
1430 2517 1493 2574 et
1554 2503 1773 2575 habito
1851 2526 2046 2595 super
2111 2502 2235 2573 biis
2314 2507 2628 2575 bonorum
2675 2518 2739 2575 et

475 2618 1000 2713 jurisperitorum
1031 2617 1329 2702 consili0,
1372 2618 1579 2715 dictos
1622 2640 1766 2690 reos
1805 2619 1883 2688 ad
1924 2619 2324 2688 reddendum
2376 2633 2439 2689 et
2480 2622 2734 2689 solven-

482 2739 638 2807 dum
670 2734 843 2806 dicto
870 2731 1287 2826 procuratori,
1322 2731 1583 2805 nomine
1598 2755 1728 2824 quo
1751 2753 1967 2823 supra,
1999 2731 2208 2803 dictos
2233 2733 2397 2803 duos
2425 2732 2735 2805 sexterios

486 2863 775 2921 mosture
805 2852 885 2919 ad
908 2847 1395 2920 estimacionem
1420 2849 1798 2939 predictam,
1829 2853 1893 2915 in
1919 2869 2191 2936 quorum
2217 2846 2547 2918 solucione
2569 2849 2739 2918 dete-

484 2977 717 3034 cerunt
762 2985 875 3053 pro
912 2961 1082 3034 dicto
1113 2983 1282 3034 anno
1332 2959 1751 3051 nonagesimo
1777 2973 1984 3043 sexto,
2019 2974 2085 3031 et
2131 2961 2209 3030 ad
2250 2961 2735 3032 redducendum

486 3077 552 3148 in
595 3079 1078 3169 possessionem
1116 3075 1465 3168 predictam
1504 3074 1567 3145 in
1614 3075 1737 3145 biis
1778 3072 2036 3165 scriptis
2077 3097 2189 3166 per
2239 3087 2524 3145 nostram
2565 3073 2738 3144 diffi-

488 3190 749 3262 nitivan)
792 3189 1191 3262 sentenciam
1250 3193 1830 3279 condempnamus,
1880 3190 2191 3279 ipsosque
2231 3211 2376 3259 reos
2416 3211 2531 3279 per
2568 3211 2740 3258 eam—

485 3308 634 3377 dem
665 3304 1050 3376 sententiam
1081 3308 1148 3374 in
1175 3302 1475 3397 expensis
1498 3302 1831 3393 legittimis
1862 3305 2443 3394 condempnanteS,
2471 3326 2740 3393 quarum

486 3420 886 3492 taxacionem
931 3432 1152 3491 nostro
1194 3418 1440 3509 judicio
1508 3441 1934 3489 reservamus.
1989 3421 2058 3487 ln
2099 3420 2284 3508 cujus
2322 3416 2415 3488 rei
2454 3416 2740 3489 testimo-

484 3532 671 3604 nium
713 3532 1037 3625 siggillum
1083 3532 1259 3604 curie
1304 3521 1531 3604 ⁸nostre
1589 3530 2006 3603 Nivernensis
2061 3535 2473 3623 presentibus
2515 3530 2741 3602 litteris

490 3649 785 3718 duximus
848 3649 1331 3738 apponendum.
1396 3651 1625 3717 Datum
1681 3646 1850 3715 dicta
1892 3643 1993 3716 die
2040 3647 2239 3735 jovis,
2276 3668 2444 3716 anno
2483 3643 2740 3716 Domini

489 3762 834 3835 millesimo
877 3766 972 3834 CC
1002 3764 1425 3854 nonagesimo
1468 3784 1665 3833 nono.
