3485 5571
1691 652 2051 716 -518—

742 795 808 853 et
847 779 1204 851 Aurelianis
1267 780 1331 850 in
1391 778 1679 872 pluribus
1742 779 1885 851 aliis
1947 778 2135 865 locis,
2189 794 2255 851 et
2313 781 2482 870 quod
2523 781 2826 870 compelli
2863 802 2984 851 non

736 907 1007 988 possent
1070 909 1242 967 extra
1302 918 1561 967 manum
1612 916 1793 966 suam
1859 917 2097 987 ponere
2151 917 2420 966 censum
2474 892 2859 986 predictum,
2913 918 2983 966 ac

740 1010 1016 1080 eundem
1056 1030 1323 1079 censum
1387 1007 1678 1101 predicto
1735 1006 2055 1100 capicerio
2100 1021 2162 1078 et
2214 1009 2351 1078 suis
2383 1006 2875 1078 successoribus
2921 1010 2985 1078 in

738 1121 912 1193 dicto
945 1120 1328 1212 capiceriam
1393 1120 1638 1193 duxerit
1691 1120 2230 1208 mortificandum,
2261 1134 2449 1213 prout
2493 1120 2682 1192 nobis
2736 1134 2987 1193 constat

741 1259 855 1330 per
890 1235 1134 1307 litteras
1174 1235 1440 1327 predicti
1468 1235 1950 1329 predecessoris
1977 1236 2180 1307 nostri
2233 1237 2312 1307 de
2360 1238 2484 1307 hoc
2521 1237 2752 1319 latas¹,
2802 1235 2988 1309 nobis

740 1364 1060 1432 ostensas,
1094 1349 1327 1442 quibus
1357 1353 1549 1422 fidem
1588 1349 2029 1443 plenissimam
2078 1347 2486 1435 adhibemus,
2548 1374 2696 1434 nos,
2759 1348 2991 1421 utilita-

739 1479 869 1537 tem
903 1465 1329 1556 capiceriatus
1365 1463 1632 1555 predicti
1673 1478 1737 1535 et
1777 1462 2257 1535 Aurelianensis
2291 1461 2566 1536 ecclesie
2587 1466 2986 1553 affectantes,

738 1578 952 1650 omnia
1011 1592 1074 1650 et
1116 1577 1366 1669 singula
1394 1578 1677 1670 predicta
1704 1582 1997 1650 volumus
2036 1590 2099 1649 et
2136 1582 2595 1670 approbamus,
2631 1591 2722 1664 et,
2765 1580 2825 1650 si
2864 1602 2991 1649 non

738 1693 1065 1765 tenuerint
1092 1696 1191 1764 vel
1220 1716 1348 1765 non
1392 1696 1706 1765 valuerint
1732 1695 1945 1784 aliqua
1973 1696 2052 1765 de
2091 1716 2308 1776 causa,
2345 1706 2559 1765 tamen
2601 1696 2899 1766 volumus
2932 1706 2993 1765 et

736 1807 1156 1880 concedimus
1198 1810 1277 1881 de
1316 1831 1481 1880 novo
1510 1810 1691 1899 ‘quod
1733 1807 1944 1879 dictus
1980 1808 2336 1901 capicerius
2365 1823 2430 1880 et
2455 1831 2873 1881 successores
2896 1806 2993 1880 sui

737 1925 983 1994 dictum
1034 1946 1301 1995 censum
1350 1946 1633 1994 annuum
1675 1936 1983 2015 perpetuo
2042 1922 2415 2015 possideant
2466 1936 2529 1995 et
2583 1925 2891 2007 habeant,
2931 1938 2993 1994 et

736 2039 909 2130 quod
970 2035 1268 2127 compelli
1323 2040 1688 2108 nullatenus
1753 2036 2004 2129 possint
2065 2036 2423 2129 predictum
2480 2059 2753 2108 censum
2817 2050 2988 2109 extra

735 2174 997 2222 manum
1037 2173 1220 2222 suam
1262 2173 1528 2242 ponere,
1559 2173 1633 2221 ac
1658 2153 1960 2222 eumdem
2009 2174 2276 2222 censum
2319 2173 2466 2222 cum
2508 2150 2683 2222 omni
2717 2151 2981 2242 justicia

735 2288 849 2337 seu
892 2264 1261 2335 redebentia
1301 2266 1381 2335 ad
1420 2287 1688 2336 censum
1749 2289 1864 2336 seu
1929 2263 2284 2335 dominium
2337 2287 2574 2336 census
2624 2264 2989 2356 hujusmodi

734 2381 980 2470 dejure
1038 2402 1152 2450 seu
1209 2378 1678 2450 consuetudine
1740 2378 2084 2471 pertinenti
2120 2382 2370 2450 eisdem
2411 2379 2988 2464 admortificamuS‚

734 2496 1021 2565 volentes
1079 2506 1145 2563 ut
1209 2492 1471 2584 pacitice
1526 2510 1587 2564 et
1651 2492 1867 2584 quiete
1918 2492 2453 2564 admortificatum
2496 2517 2643 2564 cum
2684 2491 2988 2564 omnibus

736 2606 1037 2699 predictis
1075 2620 1336 2678 teneant
1367 2606 1430 2676 iu
1459 2610 1738 2678 futurum
1762 2610 2077 2698 omnejus
2104 2621 2166 2678 et
2189 2630 2448 2679 omnem
2475 2606 2794 2678 actionem
2822 2611 2988 2699 quod

732 2735 794 2794 et
828 2744 952 2813 que
992 2721 1179 2793 nobis
1218 2726 1530 2814 competit
1556 2737 1620 2794 et
1648 2735 2018 2814 competere
2052 2735 2263 2814 potest
2310 2725 2569 2794 racione
2614 2721 2990 2794 admortiza-

732 2836 938 2907 cionis
1012 2858 1129 2907 seu
1177 2836 1593 2908 alienacionis
1656 2840 2125 2928 cujuscumque
2194 2860 2306 2929 per
2387 2839 2662 2909 vasallos
2722 2851 2985 2908 nostros

730 2952 895 3021 facte
936 2953 1033 3020 vel
1072 2952 1257 3036 aliaS‚
1287 2963 1508 3022 nostro
1539 2954 1635 3021 vel
1667 2954 2198 3043 predecessorum
2224 2965 2590 3023 nostrorum
2623 2974 2755 3021 uon
2788 2950 2991 3042 requi·

731 3062 855 3134 sito
920 3063 1196 3135 consilio
1255 3068 1352 3136 vel
1430 3087 1704 3136 assensu
1759 3087 1877 3137 seu
1942 3068 2233 3148 obtento,
2297 3064 2508 3137 eidem
2565 3063 2887 3157 capicerio
2926 3079 2989 3135 et

732 3176 1219 3250 successoribus
1260 3178 1395 3249 suis
1450 3181 1676 3249 dantes
1727 3179 1985 3270 penitus
2038 3195 2100 3250 et
2164 3183 2497 3250 cedentes.
2550 3185 2623 3250 In
2665 3182 2853 3271 cujus
2893 3177 2981 3249 rei

735 3290 1175 3362 testimonium
1238 3291 1516 3383 sigillum
1574 3307 1865 3364 nostrum
1934 3292 2341 3383 presentibus
2408 3292 2640 3364 litteris
2693 3291 2986 3364 duximus

734 3407 1211 3497 apponendum.
1257 3411 1487 3477 Datum
1529 3430 1697 3478 anno
1736 3406 1993 3479 Domini
2035 3412 2112 3478 ΜΟ
2148 3407 2629 3491 trecentesimo,
2676 3406 2781 3479 die
2840 3409 2987 3478 lune

739 3533 883 3611 post
922 3518 1390 3591 Exaltacionem
1435 3534 1656 3592 sancte
1691 3519 1936 3591 Crucis.

826 3635 1012 3719 Quod
1056 3647 1270 3705 autem
1346 3633 1624 3705 vidimus
1682 3648 2017 3706 testamur.
2061 3637 2291 3706 Datum
2342 3658 2512 3705 anno
2573 3649 2638 3706 et
2695 3637 2802 3706 die
2855 3656 2986 3726 pre-

739 3747 955 3818 dictis.
1062 3731 1071 3736 ’

2401 3868 2802 3934 (Ξυιιιειηυε.

811 4681 831 4718 ¹
871 4680 975 4739 ch.
1007 4682 1336 4740 CCCLXIX.
