<?xml version="1.0" encoding="UTF-8"?>
<!DOCTYPE html PUBLIC "-//W3C//DTD XHTML 1.0 Transitional//EN"
    "http://www.w3.org/TR/xhtml1/DTD/xhtml1-transitional.dtd">
<html xmlns="http://www.w3.org/1999/xhtml" xml:lang="en" lang="en">
 <head>
  <title>
</title>
<meta http-equiv="Content-Type" content="text/html;charset=utf-8" />
  <meta name='ocr-system' content='tesseract 3.04.00' />
  <meta name='ocr-capabilities' content='ocr_page ocr_carea ocr_par ocr_line ocrx_word'/>
</head>
<body>
  <div class='ocr_page' id='page_1' title='image "./cartulairedesai00thilgoog_0369.png"; bbox 0 0 3485 5571; ppageno 0'>
   <div class='ocr_carea' id='block_1_1' title="bbox 1404 659 1766 723">
    <p class='ocr_par' dir='ltr' id='par_1_1' title="bbox 1404 659 1766 723">
     <span class='ocr_line' id='line_1_1' title="bbox 1404 659 1766 723; baseline -0.003 -15"><span class='ocrx_word' id='word_1_1' title='bbox 1404 659 1766 723; x_wconf 75' lang='lat'><strong>...199-</strong></span> 
     </span>
    </p>
   </div>
   <div class='ocr_carea' id='block_1_2' title="bbox 430 784 2714 2230">
    <p class='ocr_par' dir='ltr' id='par_1_2' title="bbox 430 784 2714 2230">
     <span class='ocr_line' id='line_1_2' title="bbox 435 784 2711 880; baseline 0.002 -24"><span class='ocrx_word' id='word_1_2' title='bbox 435 787 664 857; x_wconf 89' lang='lat' dir='ltr'><strong>teneri</strong></span> <span class='ocrx_word' id='word_1_3' title='bbox 707 784 945 858; x_wconf 84' lang='lat' dir='ltr'><strong>suimus</strong></span> <span class='ocrx_word' id='word_1_4' title='bbox 975 784 1284 869; x_wconf 89' lang='lat' dir='ltr'><strong>arbitrati,</strong></span> <span class='ocrx_word' id='word_1_5' title='bbox 1337 800 1404 859; x_wconf 91' lang='lat' dir='ltr'><strong>et</strong></span> <span class='ocrx_word' id='word_1_6' title='bbox 1440 808 1586 858; x_wconf 89' lang='lat' dir='ltr'><strong>cum</strong></span> <span class='ocrx_word' id='word_1_7' title='bbox 1622 786 1806 860; x_wconf 89' lang='lat' dir='ltr'><strong>aliter</strong></span> <span class='ocrx_word' id='word_1_8' title='bbox 1843 789 1940 859; x_wconf 88' lang='lat' dir='ltr'><strong>eis</strong></span> <span class='ocrx_word' id='word_1_9' title='bbox 1979 785 2348 860; x_wconf 76' lang='lat' dir='ltr'>satisfacere</span> <span class='ocrx_word' id='word_1_10' title='bbox 2391 809 2521 859; x_wconf 93' lang='lat' dir='ltr'><strong>non</strong></span> <span class='ocrx_word' id='word_1_11' title='bbox 2563 811 2711 880; x_wconf 90' lang='lat' dir='ltr'><strong>pos·</strong></span> 
     </span>
     <span class='ocr_line' id='line_1_3' title="bbox 432 899 2714 995; baseline 0.002 -23"><span class='ocrx_word' id='word_1_12' title='bbox 432 922 702 984; x_wconf 85' lang='lat' dir='ltr'><strong>semus,</strong></span> <span class='ocrx_word' id='word_1_13' title='bbox 736 902 982 972; x_wconf 89' lang='lat' dir='ltr'><strong>decano</strong></span> <span class='ocrx_word' id='word_1_14' title='bbox 1013 913 1077 972; x_wconf 91' lang='lat' dir='ltr'><strong>et</strong></span> <span class='ocrx_word' id='word_1_15' title='bbox 1100 900 1379 992; x_wconf 89' lang='lat' dir='ltr'><strong>capitulo</strong></span> <span class='ocrx_word' id='word_1_16' title='bbox 1407 904 1642 973; x_wconf 80' lang='lat' dir='ltr'>Sancte</span> <span class='ocrx_word' id='word_1_17' title='bbox 1665 899 1886 973; x_wconf 82' lang='lat' dir='ltr'>Crucis</span> <span class='ocrx_word' id='word_1_18' title='bbox 1918 903 2148 974; x_wconf 91' lang='lat' dir='ltr'><strong>domos</strong></span> <span class='ocrx_word' id='word_1_19' title='bbox 2187 916 2252 974; x_wconf 91' lang='lat' dir='ltr'><strong>et</strong></span> <span class='ocrx_word' id='word_1_20' title='bbox 2276 899 2496 974; x_wconf 90' lang='lat' dir='ltr'><strong>vineas</strong></span> <span class='ocrx_word' id='word_1_21' title='bbox 2527 924 2714 995; x_wconf 88' lang='lat' dir='ltr'><strong>sepe-</strong></span> 
     </span>
     <span class='ocr_line' id='line_1_4' title="bbox 432 1013 2709 1107; baseline 0.003 -25"><span class='ocrx_word' id='word_1_22' title='bbox 432 1016 615 1085; x_wconf 81' lang='lat' dir='ltr'><strong>tatas</strong></span> <span class='ocrx_word' id='word_1_23' title='bbox 648 1013 1033 1085; x_wconf 80' lang='lat' dir='ltr'><strong>tradidimus</strong></span> <span class='ocrx_word' id='word_1_24' title='bbox 1063 1013 1126 1085; x_wconf 95' lang='lat' dir='ltr'><strong>in</strong></span> <span class='ocrx_word' id='word_1_25' title='bbox 1157 1016 1471 1100; x_wconf 83' lang='lat' dir='ltr'><strong>solutum,</strong></span> <span class='ocrx_word' id='word_1_26' title='bbox 1512 1028 1871 1088; x_wconf 77' lang='lat' dir='ltr'><strong>statuentes</strong></span> <span class='ocrx_word' id='word_1_27' title='bbox 1910 1029 1976 1087; x_wconf 90' lang='lat' dir='ltr'><strong>et</strong></span> <span class='ocrx_word' id='word_1_28' title='bbox 2014 1015 2272 1107; x_wconf 88' lang='lat' dir='ltr'><strong>scriptis</strong></span> <span class='ocrx_word' id='word_1_29' title='bbox 2293 1016 2709 1107; x_wconf 83' lang='lat' dir='ltr'><strong>presentibus</strong></span> 
     </span>
     <span class='ocr_line' id='line_1_5' title="bbox 430 1127 2709 1222; baseline 0.002 -23"><span class='ocrx_word' id='word_1_30' title='bbox 430 1129 506 1199; x_wconf 89' lang='lat' dir='ltr'><strong>in</strong></span> <span class='ocrx_word' id='word_1_31' title='bbox 532 1141 920 1220; x_wconf 90' lang='lat' dir='ltr'><strong>perpetuum</strong></span> <span class='ocrx_word' id='word_1_32' title='bbox 950 1131 1406 1202; x_wconf 83' lang='lat' dir='ltr'><strong>confirmantes</strong></span> <span class='ocrx_word' id='word_1_33' title='bbox 1431 1143 1525 1214; x_wconf 88' lang='lat' dir='ltr'><strong>ut,</strong></span> <span class='ocrx_word' id='word_1_34' title='bbox 1552 1127 1675 1201; x_wconf 91' lang='lat' dir='ltr'><strong>nisi</strong></span> <span class='ocrx_word' id='word_1_35' title='bbox 1698 1152 1920 1202; x_wconf 89' lang='lat' dir='ltr'><strong>comes</strong></span> <span class='ocrx_word' id='word_1_36' title='bbox 1941 1133 2039 1202; x_wconf 90' lang='lat' dir='ltr'><strong>vel</strong></span> <span class='ocrx_word' id='word_1_37' title='bbox 2066 1133 2440 1222; x_wconf 89' lang='lat' dir='ltr'><strong>Radulphus</strong></span> <span class='ocrx_word' id='word_1_38' title='bbox 2467 1134 2709 1204; x_wconf 85' lang='lat' dir='ltr'><strong>Harens</strong></span> 
     </span>
     <span class='ocr_line' id='line_1_6' title="bbox 430 1243 2710 1336; baseline 0.002 -22"><span class='ocrx_word' id='word_1_39' title='bbox 430 1245 524 1314; x_wconf 89' lang='lat' dir='ltr'><strong>de</strong></span> <span class='ocrx_word' id='word_1_40' title='bbox 568 1265 826 1315; x_wconf 83' lang='lat' dir='ltr'><strong>summa</strong></span> <span class='ocrx_word' id='word_1_41' title='bbox 870 1245 1286 1315; x_wconf 88' lang='lat' dir='ltr'><strong>ducentarum</strong></span> <span class='ocrx_word' id='word_1_42' title='bbox 1329 1243 1629 1314; x_wconf 87' lang='lat' dir='ltr'><strong>librarum</strong></span> <span class='ocrx_word' id='word_1_43' title='bbox 1661 1266 1696 1315; x_wconf 94' lang='lat' dir='ltr'><strong>a</strong></span> <span class='ocrx_word' id='word_1_44' title='bbox 1738 1245 2021 1336; x_wconf 90' lang='lat' dir='ltr'><strong>capitulo</strong></span> <span class='ocrx_word' id='word_1_45' title='bbox 2061 1249 2294 1317; x_wconf 83' lang='lat' dir='ltr'><strong>Sancte</strong></span> <span class='ocrx_word' id='word_1_46' title='bbox 2335 1244 2557 1318; x_wconf 83' lang='lat' dir='ltr'><strong>Crucis</strong></span> <span class='ocrx_word' id='word_1_47' title='bbox 2596 1248 2710 1318; x_wconf 91' lang='lat' dir='ltr'><strong>do-</strong></span> 
     </span>
     <span class='ocr_line' id='line_1_7' title="bbox 434 1355 2706 1451; baseline 0.002 -25"><span class='ocrx_word' id='word_1_48' title='bbox 434 1378 599 1427; x_wconf 84' lang='lat' dir='ltr'><strong>mos</strong></span> <span class='ocrx_word' id='word_1_49' title='bbox 641 1369 707 1427; x_wconf 89' lang='lat' dir='ltr'><strong>et</strong></span> <span class='ocrx_word' id='word_1_50' title='bbox 744 1355 966 1428; x_wconf 87' lang='lat' dir='ltr'><strong>vineas</strong></span> <span class='ocrx_word' id='word_1_51' title='bbox 1021 1355 1381 1429; x_wconf 85' lang='lat' dir='ltr'><strong>antedictas</strong></span> <span class='ocrx_word' id='word_1_52' title='bbox 1417 1355 1792 1442; x_wconf 86' lang='lat' dir='ltr'><strong>redemerit,</strong></span> <span class='ocrx_word' id='word_1_53' title='bbox 1851 1380 2054 1450; x_wconf 89' lang='lat' dir='ltr'><strong>penes</strong></span> <span class='ocrx_word' id='word_1_54' title='bbox 2088 1358 2441 1451; x_wconf 90' lang='lat' dir='ltr'><strong>capitulum</strong></span> <span class='ocrx_word' id='word_1_55' title='bbox 2492 1358 2706 1450; x_wconf 88' lang='lat' dir='ltr'><strong>ipsum</strong></span> 
     </span>
     <span class='ocr_line' id='line_1_8' title="bbox 431 1469 2709 1563; baseline 0.001 -22"><span class='ocrx_word' id='word_1_56' title='bbox 431 1482 761 1562; x_wconf 89' lang='lat' dir='ltr'><strong>perpetuo</strong></span> <span class='ocrx_word' id='word_1_57' title='bbox 819 1472 1069 1563; x_wconf 86' lang='lat' dir='ltr'><strong>absque</strong></span> <span class='ocrx_word' id='word_1_58' title='bbox 1105 1469 1472 1562; x_wconf 83' lang='lat' dir='ltr'><strong>calumpnia</strong></span> <span class='ocrx_word' id='word_1_59' title='bbox 1544 1469 1756 1562; x_wconf 86' lang='lat' dir='ltr'><strong>aliqua</strong></span> <span class='ocrx_word' id='word_1_60' title='bbox 1811 1474 1910 1544; x_wconf 91' lang='lat' dir='ltr'><strong>vel</strong></span> <span class='ocrx_word' id='word_1_61' title='bbox 1988 1470 2509 1545; x_wconf 89' lang='lat' dir='ltr'><strong>contradiccione</strong></span> <span class='ocrx_word' id='word_1_62' title='bbox 2548 1472 2709 1546; x_wconf 90' lang='lat' dir='ltr'><strong>resi-</strong></span> 
     </span>
     <span class='ocr_line' id='line_1_9' title="bbox 430 1584 2707 1677; baseline 0.003 -23"><span class='ocrx_word' id='word_1_63' title='bbox 430 1586 646 1655; x_wconf 88' lang='lat' dir='ltr'><strong>deant</strong></span> <span class='ocrx_word' id='word_1_64' title='bbox 677 1608 696 1668; x_wconf 85' lang='lat'>;</span> <span class='ocrx_word' id='word_1_65' title='bbox 763 1595 1053 1677; x_wconf 89' lang='lat' dir='ltr'><strong>tempora</strong></span> <span class='ocrx_word' id='word_1_66' title='bbox 1101 1584 1563 1676; x_wconf 85' lang='lat' dir='ltr'><strong>redemptionis</strong></span> <span class='ocrx_word' id='word_1_67' title='bbox 1619 1586 1779 1656; x_wconf 82' lang='lat' dir='ltr'><strong>intra</strong></span> <span class='ocrx_word' id='word_1_68' title='bbox 1845 1608 2087 1657; x_wconf 89' lang='lat' dir='ltr'><strong>annum</strong></span> <span class='ocrx_word' id='word_1_69' title='bbox 2157 1600 2222 1659; x_wconf 84' lang='lat' dir='ltr'><strong>et</strong></span> <span class='ocrx_word' id='word_1_70' title='bbox 2282 1586 2451 1659; x_wconf 89' lang='lat' dir='ltr'><strong>diem</strong></span> <span class='ocrx_word' id='word_1_71' title='bbox 2514 1585 2707 1661; x_wconf 89' lang='lat' dir='ltr'><strong>dictis</strong></span> 
     </span>
     <span class='ocr_line' id='line_1_10' title="bbox 440 1697 2706 1792; baseline 0.001 -22"><span class='ocrx_word' id='word_1_72' title='bbox 440 1700 793 1792; x_wconf 87' lang='lat' dir='ltr'><strong>Radnlpbo</strong></span> <span class='ocrx_word' id='word_1_73' title='bbox 829 1712 893 1771; x_wconf 89' lang='lat' dir='ltr'><strong>et</strong></span> <span class='ocrx_word' id='word_1_74' title='bbox 931 1697 1151 1771; x_wconf 88' lang='lat' dir='ltr'><strong>comiti</strong></span> <span class='ocrx_word' id='word_1_75' title='bbox 1189 1701 1678 1772; x_wconf 85' lang='lat' dir='ltr'><strong>concludentes.</strong></span> <span class='ocrx_word' id='word_1_76' title='bbox 1720 1701 2081 1791; x_wconf 85' lang='lat' dir='ltr'><strong>Capitulum</strong></span> <span class='ocrx_word' id='word_1_77' title='bbox 2129 1713 2346 1772; x_wconf 90' lang='lat' dir='ltr'><strong>autem</strong></span> <span class='ocrx_word' id='word_1_78' title='bbox 2375 1701 2706 1774; x_wconf 89' lang='lat' dir='ltr'><strong>concessit</strong></span> 
     </span>
     <span class='ocr_line' id='line_1_11' title="bbox 434 1813 2702 1909; baseline 0.001 -25"><span class='ocrx_word' id='word_1_79' title='bbox 434 1817 624 1904; x_wconf 91' lang='lat' dir='ltr'><strong>quod</strong></span> <span class='ocrx_word' id='word_1_80' title='bbox 682 1817 764 1887; x_wconf 91' lang='lat' dir='ltr'><strong>de</strong></span> <span class='ocrx_word' id='word_1_81' title='bbox 812 1817 1148 1886; x_wconf 92' lang='lat' dir='ltr'><strong>domorum</strong></span> <span class='ocrx_word' id='word_1_82' title='bbox 1189 1826 1254 1886; x_wconf 88' lang='lat' dir='ltr'><strong>et</strong></span> <span class='ocrx_word' id='word_1_83' title='bbox 1309 1813 1638 1885; x_wconf 83' lang='lat' dir='ltr'><strong>vinearum</strong></span> <span class='ocrx_word' id='word_1_84' title='bbox 1679 1813 2095 1906; x_wconf 82' lang='lat' dir='ltr'><strong>proventibus</strong></span> <span class='ocrx_word' id='word_1_85' title='bbox 2147 1816 2420 1886; x_wconf 90' lang='lat' dir='ltr'><strong>Dunelm</strong></span> <span class='ocrx_word' id='word_1_86' title='bbox 2466 1816 2702 1909; x_wconf 89' lang='lat' dir='ltr'><strong>[ensis]</strong></span> 
     </span>
     <span class='ocr_line' id='line_1_12' title="bbox 435 1924 2705 2021; baseline 0.001 -23"><span class='ocrx_word' id='word_1_87' title='bbox 435 1926 738 2021; x_wconf 89' lang='lat' dir='ltr'><strong>episcopi</strong></span> <span class='ocrx_word' id='word_1_88' title='bbox 807 1942 873 2000; x_wconf 95' lang='lat' dir='ltr'><strong>et</strong></span> <span class='ocrx_word' id='word_1_89' title='bbox 927 1927 1300 2021; x_wconf 79' lang='lat' dir='ltr'><strong>B[ucbardi]</strong></span> <span class='ocrx_word' id='word_1_90' title='bbox 1391 1926 1829 1999; x_wconf 89' lang='lat' dir='ltr'><strong>archidiaconi</strong></span> <span class='ocrx_word' id='word_1_91' title='bbox 1890 1927 2324 2001; x_wconf 88' lang='lat' dir='ltr'><strong>anniversaria</strong></span> <span class='ocrx_word' id='word_1_92' title='bbox 2386 1927 2574 2001; x_wconf 80' lang='lat' dir='ltr'><strong>saciet</strong></span> <span class='ocrx_word' id='word_1_93' title='bbox 2628 1924 2705 2001; x_wconf 51' lang='lat' dir='ltr'><strong>&#39;et</strong></span> 
     </span>
     <span class='ocr_line' id='line_1_13' title="bbox 436 2040 2703 2134; baseline 0 -22"><span class='ocrx_word' id='word_1_94' title='bbox 436 2040 782 2114; x_wconf 86' lang='lat' dir='ltr'><strong>canonicis</strong></span> <span class='ocrx_word' id='word_1_95' title='bbox 814 2041 923 2134; x_wconf 87' lang='lat' dir='ltr'><strong>qui</strong></span> <span class='ocrx_word' id='word_1_96' title='bbox 949 2045 1308 2114; x_wconf 85' lang='lat' dir='ltr'><strong>intererunt</strong></span> <span class='ocrx_word' id='word_1_97' title='bbox 1346 2064 1548 2133; x_wconf 88' lang='lat' dir='ltr'><strong>usque</strong></span> <span class='ocrx_word' id='word_1_98' title='bbox 1581 2045 1661 2113; x_wconf 90' lang='lat' dir='ltr'><strong>ad</strong></span> <span class='ocrx_word' id='word_1_99' title='bbox 1700 2041 1945 2113; x_wconf 90' lang='lat' dir='ltr'><strong>solidos</strong></span> <span class='ocrx_word' id='word_1_100' title='bbox 1969 2046 2066 2113; x_wconf 82' lang='lat' dir='ltr'><strong>LX</strong></span> <span class='ocrx_word' id='word_1_101' title='bbox 2097 2064 2212 2133; x_wconf 93' lang='lat' dir='ltr'><strong>pro</strong></span> <span class='ocrx_word' id='word_1_102' title='bbox 2250 2040 2703 2113; x_wconf 86' lang='lat' dir='ltr'><strong>anniversariis</strong></span> 
     </span>
     <span class='ocr_line' id='line_1_14' title="bbox 433 2155 2560 2230; baseline 0.001 -5"><span class='ocrx_word' id='word_1_103' title='bbox 433 2157 765 2229; x_wconf 76' lang='lat' dir='ltr'><strong>iaciendis</strong></span> <span class='ocrx_word' id='word_1_104' title='bbox 799 2157 1165 2230; x_wconf 88' lang='lat' dir='ltr'><strong>distribuet.</strong></span> <span class='ocrx_word' id='word_1_105' title='bbox 1205 2161 1433 2229; x_wconf 84' lang='lat' dir='ltr'><strong>Actum</strong></span> <span class='ocrx_word' id='word_1_106' title='bbox 1473 2180 1642 2228; x_wconf 90' lang='lat' dir='ltr'><strong>anno</strong></span> <span class='ocrx_word' id='word_1_107' title='bbox 1680 2157 1871 2230; x_wconf 90' lang='lat' dir='ltr'><strong>Verbi</strong></span> <span class='ocrx_word' id='word_1_108' title='bbox 1910 2155 2219 2229; x_wconf 89' lang='lat' dir='ltr'><strong>incarnati</strong></span> <span class='ocrx_word' id='word_1_109' title='bbox 2246 2159 2560 2228; x_wconf 78' lang='lat' dir='ltr'><strong>MCXCVl.</strong></span> 
     </span>
    </p>
   </div>
   <div class='ocr_carea' id='block_1_3' title="bbox 1466 2523 1675 2583">
    <p class='ocr_par' dir='ltr' id='par_1_3' title="bbox 1466 2523 1675 2583">
     <span class='ocr_line' id='line_1_15' title="bbox 1466 2523 1675 2583; baseline -0.005 0"><span class='ocrx_word' id='word_1_110' title='bbox 1466 2523 1675 2583; x_wconf 85' lang='lat' dir='ltr'><strong>cxvu</strong></span> 
     </span>
    </p>
   </div>
   <div class='ocr_carea' id='block_1_4' title="bbox 1482 2799 1642 2863">
    <p class='ocr_par' dir='ltr' id='par_1_4' title="bbox 1482 2799 1642 2863">
     <span class='ocr_line' id='line_1_16' title="bbox 1482 2799 1642 2863; baseline 0.019 -4"><span class='ocrx_word' id='word_1_111' title='bbox 1482 2799 1642 2863; x_wconf 89' lang='grc'><strong>1196</strong></span> 
     </span>
    </p>
   </div>
   <div class='ocr_carea' id='block_1_5' title="bbox 431 3052 2690 3223">
    <p class='ocr_par' dir='ltr' id='par_1_5' title="bbox 431 3052 2690 3223">
     <span class='ocr_line' id='line_1_17' title="bbox 431 3052 2690 3126; baseline 0 -16"><span class='ocrx_word' id='word_1_112' title='bbox 431 3054 633 3125; x_wconf 70' lang='lat' dir='ltr'><strong>Hem-i,</strong></span> <span class='ocrx_word' id='word_1_113' title='bbox 665 3055 877 3126; x_wconf 74' lang='lat' dir='ltr'><strong>eveqne</strong></span> <span class='ocrx_word' id='word_1_114' title='bbox 907 3052 1219 3123; x_wconf 72' lang='lat' dir='ltr'><strong>d’Orleans,</strong></span> <span class='ocrx_word' id='word_1_115' title='bbox 1252 3052 1446 3108; x_wconf 74' lang='lat' dir='ltr'><strong>affecte</strong></span> <span class='ocrx_word' id='word_1_116' title='bbox 1474 3052 1506 3107; x_wconf 70' lang='lat' dir='ltr'><strong>a</strong></span> <span class='ocrx_word' id='word_1_117' title='bbox 1535 3067 1639 3107; x_wconf 86' lang='lat' dir='ltr'><strong>son</strong></span> <span class='ocrx_word' id='word_1_118' title='bbox 1669 3052 2045 3108; x_wconf 87' lang='lat' dir='ltr'><strong>anniversaire</strong></span> <span class='ocrx_word' id='word_1_119' title='bbox 2073 3068 2186 3109; x_wconf 87' lang='lat' dir='ltr'><strong>une</strong></span> <span class='ocrx_word' id='word_1_120' title='bbox 2224 3052 2590 3112; x_wconf 79' lang='lat' dir='ltr'><strong>distribution</strong></span> <span class='ocrx_word' id='word_1_121' title='bbox 2617 3055 2690 3111; x_wconf 87' lang='lat' dir='ltr'><strong>de</strong></span> 
     </span>
     <span class='ocr_line' id='line_1_18' title="bbox 684 3149 2436 3223; baseline 0.001 -18"><span class='ocrx_word' id='word_1_122' title='bbox 684 3149 758 3205; x_wconf 77' lang='lat'><strong>20</strong></span> <span class='ocrx_word' id='word_1_123' title='bbox 784 3150 949 3205; x_wconf 82' lang='lat' dir='ltr'><strong>livres</strong></span> <span class='ocrx_word' id='word_1_124' title='bbox 977 3166 1077 3206; x_wconf 81' lang='lat' dir='ltr'><strong>sur</strong></span> <span class='ocrx_word' id='word_1_125' title='bbox 1105 3149 1186 3205; x_wconf 87' lang='lat' dir='ltr'><strong>les</strong></span> <span class='ocrx_word' id='word_1_126' title='bbox 1216 3154 1404 3205; x_wconf 87' lang='lat' dir='ltr'><strong>rentes</strong></span> <span class='ocrx_word' id='word_1_127' title='bbox 1440 3149 1512 3204; x_wconf 86' lang='lat' dir='ltr'><strong>de</strong></span> <span class='ocrx_word' id='word_1_128' title='bbox 1544 3150 1666 3205; x_wconf 90' lang='lat' dir='ltr'><strong>Bou</strong></span> <span class='ocrx_word' id='word_1_129' title='bbox 1695 3154 1753 3203; x_wconf 86' lang='lat' dir='ltr'><strong>et</strong></span> <span class='ocrx_word' id='word_1_130' title='bbox 1779 3149 1860 3204; x_wconf 87' lang='lat' dir='ltr'><strong>les</strong></span> <span class='ocrx_word' id='word_1_131' title='bbox 1888 3155 2066 3204; x_wconf 85' lang='lat' dir='ltr'><strong>terres</strong></span> <span class='ocrx_word' id='word_1_132' title='bbox 2096 3149 2172 3205; x_wconf 92' lang='lat' dir='ltr'><strong>du</strong></span> <span class='ocrx_word' id='word_1_133' title='bbox 2200 3150 2436 3223; x_wconf 74' lang='lat' dir='ltr'><strong>Trepoy.</strong></span> 
     </span>
    </p>
   </div>
   <div class='ocr_carea' id='block_1_6' title="bbox 646 3293 2380 3368">
    <p class='ocr_par' dir='ltr' id='par_1_6' title="bbox 646 3293 2380 3368">
     <span class='ocr_line' id='line_1_19' title="bbox 646 3293 2380 3368; baseline -0.001 -16"><span class='ocrx_word' id='word_1_134' title='bbox 646 3362 657 3368; x_wconf 41' lang='grc'>,</span> <span class='ocrx_word' id='word_1_135' title='bbox 745 3295 923 3366; x_wconf 79' lang='lat' dir='ltr'><strong>(Orig.</strong></span> <span class='ocrx_word' id='word_1_136' title='bbox 944 3295 1116 3351; x_wconf 84' lang='lat' dir='ltr'><strong>Arch.</strong></span> <span class='ocrx_word' id='word_1_137' title='bbox 1149 3294 1227 3351; x_wconf 88' lang='lat' dir='ltr'><strong>du</strong></span> <span class='ocrx_word' id='word_1_138' title='bbox 1256 3294 1467 3365; x_wconf 86' lang='lat' dir='ltr'><strong>Loiret,</strong></span> <span class='ocrx_word' id='word_1_139' title='bbox 1498 3293 1565 3350; x_wconf 83' lang='lat' dir='ltr'><strong>G.</strong></span> <span class='ocrx_word' id='word_1_140' title='bbox 1594 3293 1699 3349; x_wconf 87' lang='grc'><strong>385</strong></span> <span class='ocrx_word' id='word_1_141' title='bbox 1723 3309 1738 3363; x_wconf 75' lang='grc' dir='ltr'>ς</span> <span class='ocrx_word' id='word_1_142' title='bbox 1768 3294 2019 3350; x_wconf 87' lang='lat' dir='ltr'><strong>mention</strong></span> <span class='ocrx_word' id='word_1_143' title='bbox 2046 3293 2380 3365; x_wconf 80' lang='lat' dir='ltr'><strong>Scriptum).</strong></span> 
     </span>
    </p>
   </div>
   <div class='ocr_carea' id='block_1_7' title="bbox 432 3508 2685 4740">
    <p class='ocr_par' dir='ltr' id='par_1_7' title="bbox 432 3508 2685 4740">
     <span class='ocr_line' id='line_1_20' title="bbox 522 3508 2682 3597; baseline 0 -13"><span class='ocrx_word' id='word_1_144' title='bbox 522 3516 595 3584; x_wconf 91' lang='lat' dir='ltr'><strong>Iu</strong></span> <span class='ocrx_word' id='word_1_145' title='bbox 636 3513 900 3585; x_wconf 90' lang='lat' dir='ltr'><strong>nomine</strong></span> <span class='ocrx_word' id='word_1_146' title='bbox 939 3524 1162 3583; x_wconf 90' lang='lat' dir='ltr'><strong>sancte</strong></span> <span class='ocrx_word' id='word_1_147' title='bbox 1201 3524 1261 3582; x_wconf 89' lang='lat' dir='ltr'><strong>et</strong></span> <span class='ocrx_word' id='word_1_148' title='bbox 1317 3508 1641 3582; x_wconf 91' lang='lat' dir='ltr'><strong>individue</strong></span> <span class='ocrx_word' id='word_1_149' title='bbox 1679 3508 2032 3596; x_wconf 79' lang='lat' dir='ltr'><strong>TrinitatiS‚</strong></span> <span class='ocrx_word' id='word_1_150' title='bbox 2082 3532 2295 3583; x_wconf 92' lang='lat' dir='ltr'><strong>amen.</strong></span> <span class='ocrx_word' id='word_1_151' title='bbox 2342 3511 2682 3597; x_wconf 65' lang='lat' dir='ltr'><strong>Henricm,</strong></span> 
     </span>
     <span class='ocr_line' id='line_1_21' title="bbox 432 3622 2679 3718; baseline -0 -21"><span class='ocrx_word' id='word_1_152' title='bbox 432 3626 547 3699; x_wconf 89' lang='lat' dir='ltr'><strong>Dei</strong></span> <span class='ocrx_word' id='word_1_153' title='bbox 591 3628 793 3718; x_wconf 84' lang='lat' dir='ltr'><strong>gratia</strong></span> <span class='ocrx_word' id='word_1_154' title='bbox 854 3624 1332 3697; x_wconf 82' lang='lat' dir='ltr'><strong>Aurelianensis</strong></span> <span class='ocrx_word' id='word_1_155' title='bbox 1392 3622 1764 3716; x_wconf 87' lang='lat' dir='ltr'><strong>episcopus,</strong></span> <span class='ocrx_word' id='word_1_156' title='bbox 1819 3623 2124 3695; x_wconf 87' lang='lat' dir='ltr'><strong>omnibus</strong></span> <span class='ocrx_word' id='word_1_157' title='bbox 2162 3627 2230 3695; x_wconf 93' lang='lat' dir='ltr'><strong>in</strong></span> <span class='ocrx_word' id='word_1_158' title='bbox 2273 3639 2679 3718; x_wconf 92' lang='lat' dir='ltr'><strong>perpetuum.</strong></span> 
     </span>
     <span class='ocr_line' id='line_1_22' title="bbox 432 3736 2681 3831; baseline 0.001 -20"><span class='ocrx_word' id='word_1_159' title='bbox 432 3744 649 3826; x_wconf 90' lang='lat' dir='ltr'><strong>Quum</strong></span> <span class='ocrx_word' id='word_1_160' title='bbox 679 3762 753 3812; x_wconf 91' lang='lat' dir='ltr'><strong>ea</strong></span> <span class='ocrx_word' id='word_1_161' title='bbox 783 3762 909 3831; x_wconf 90' lang='lat' dir='ltr'><strong>que</strong></span> <span class='ocrx_word' id='word_1_162' title='bbox 946 3751 1255 3831; x_wconf 78' lang='lat' dir='ltr'><strong>geruntur</strong></span> <span class='ocrx_word' id='word_1_163' title='bbox 1285 3760 1597 3810; x_wconf 90' lang='lat' dir='ltr'><strong>annorum</strong></span> <span class='ocrx_word' id='word_1_164' title='bbox 1651 3736 2001 3809; x_wconf 87' lang='lat' dir='ltr'><strong>inveterata</strong></span> <span class='ocrx_word' id='word_1_165' title='bbox 2046 3737 2384 3810; x_wconf 86' lang='lat' dir='ltr'><strong>curriculis</strong></span> <span class='ocrx_word' id='word_1_166' title='bbox 2414 3763 2681 3813; x_wconf 87' lang='lat' dir='ltr'><strong>evanes-</strong></span> 
     </span>
     <span class='ocr_line' id='line_1_23' title="bbox 433 3850 2677 3944; baseline 0 -19"><span class='ocrx_word' id='word_1_167' title='bbox 433 3855 933 3940; x_wconf 86' lang='lat' dir='ltr'><strong>cunt‚consulte</strong></span> <span class='ocrx_word' id='word_1_168' title='bbox 970 3850 1179 3944; x_wconf 81' lang='lat' dir='ltr'><strong>agitur</strong></span> <span class='ocrx_word' id='word_1_169' title='bbox 1216 3850 1272 3923; x_wconf 90' lang='lat' dir='ltr'><strong>si</strong></span> <span class='ocrx_word' id='word_1_170' title='bbox 1329 3874 1456 3943; x_wconf 89' lang='lat' dir='ltr'><strong>que</strong></span> <span class='ocrx_word' id='word_1_171' title='bbox 1508 3850 1951 3944; x_wconf 89' lang='lat' dir='ltr'><strong>sollempniter</strong></span> <span class='ocrx_word' id='word_1_172' title='bbox 2011 3865 2288 3944; x_wconf 84' lang='lat' dir='ltr'><strong>aguntur</strong></span> <span class='ocrx_word' id='word_1_173' title='bbox 2322 3853 2677 3926; x_wconf 87' lang='lat' dir='ltr'><strong>litterarum</strong></span> 
     </span>
     <span class='ocr_line' id='line_1_24' title="bbox 436 3964 2685 4060; baseline 0.001 -22"><span class='ocrx_word' id='word_1_174' title='bbox 436 3966 745 4040; x_wconf 88' lang='lat' dir='ltr'><strong>memorie</strong></span> <span class='ocrx_word' id='word_1_175' title='bbox 766 3969 1325 4050; x_wconf 88' lang='lat' dir='ltr'><strong>commendentur,</strong></span> <span class='ocrx_word' id='word_1_176' title='bbox 1357 3988 1439 4037; x_wconf 92' lang='lat' dir='ltr'><strong>ne</strong></span> <span class='ocrx_word' id='word_1_177' title='bbox 1464 3987 1736 4056; x_wconf 89' lang='lat' dir='ltr'><strong>quorum</strong></span> <span class='ocrx_word' id='word_1_178' title='bbox 1773 3964 2149 4037; x_wconf 84' lang='lat' dir='ltr'><strong>memoriam</strong></span> <span class='ocrx_word' id='word_1_179' title='bbox 2187 3969 2464 4039; x_wconf 90' lang='lat' dir='ltr'><strong>humana</strong></span> <span class='ocrx_word' id='word_1_180' title='bbox 2497 3969 2685 4060; x_wconf 75' lang='lat' dir='ltr'><strong>fragi-</strong></span> 
     </span>
     <span class='ocr_line' id='line_1_25' title="bbox 434 4078 2681 4171; baseline 0.002 -21"><span class='ocrx_word' id='word_1_181' title='bbox 434 4079 580 4154; x_wconf 87' lang='lat' dir='ltr'><strong>litas</strong></span> <span class='ocrx_word' id='word_1_182' title='bbox 618 4081 860 4152; x_wconf 89' lang='lat' dir='ltr'><strong>diutius</strong></span> <span class='ocrx_word' id='word_1_183' title='bbox 907 4093 1156 4153; x_wconf 84' lang='lat' dir='ltr'><strong>exstare</strong></span> <span class='ocrx_word' id='word_1_184' title='bbox 1197 4101 1324 4150; x_wconf 90' lang='lat' dir='ltr'><strong>non</strong></span> <span class='ocrx_word' id='word_1_185' title='bbox 1365 4078 1622 4170; x_wconf 91' lang='lat' dir='ltr'><strong>patitur,</strong></span> <span class='ocrx_word' id='word_1_186' title='bbox 1664 4091 1868 4152; x_wconf 90' lang='lat' dir='ltr'><strong>tractu</strong></span> <span class='ocrx_word' id='word_1_187' title='bbox 1919 4079 2225 4171; x_wconf 89' lang='lat' dir='ltr'><strong>temporis</strong></span> <span class='ocrx_word' id='word_1_188' title='bbox 2263 4080 2327 4151; x_wconf 89' lang='lat' dir='ltr'><strong>iu</strong></span> <span class='ocrx_word' id='word_1_189' title='bbox 2394 4083 2681 4155; x_wconf 86' lang='lat' dir='ltr'><strong>recidive</strong></span> 
     </span>
     <span class='ocr_line' id='line_1_26' title="bbox 437 4193 2679 4287; baseline 0.002 -22"><span class='ocrx_word' id='word_1_190' title='bbox 437 4193 870 4267; x_wconf 89' lang='lat' dir='ltr'><strong>contentionis</strong></span> <span class='ocrx_word' id='word_1_191' title='bbox 930 4196 1303 4285; x_wconf 89' lang='lat' dir='ltr'><strong>scrupulum</strong></span> <span class='ocrx_word' id='word_1_192' title='bbox 1371 4196 1759 4264; x_wconf 85' lang='lat' dir='ltr'><strong>relabantur.</strong></span> <span class='ocrx_word' id='word_1_193' title='bbox 1828 4196 2181 4286; x_wconf 90' lang='lat' dir='ltr'><strong>Eapropter</strong></span> <span class='ocrx_word' id='word_1_194' title='bbox 2226 4217 2263 4265; x_wconf 89' lang='lat' dir='ltr'><strong>a</strong></span> <span class='ocrx_word' id='word_1_195' title='bbox 2309 4194 2679 4287; x_wconf 84' lang='lat' dir='ltr'><strong>cognitione</strong></span> 
     </span>
     <span class='ocr_line' id='line_1_27' title="bbox 440 4307 2679 4402; baseline 0 -21"><span class='ocrx_word' id='word_1_196' title='bbox 440 4313 835 4400; x_wconf 85' lang='lat' dir='ltr'><strong>presentium</strong></span> <span class='ocrx_word' id='word_1_197' title='bbox 912 4310 1207 4380; x_wconf 88' lang='lat' dir='ltr'><strong>volumus</strong></span> <span class='ocrx_word' id='word_1_198' title='bbox 1252 4308 1585 4398; x_wconf 88' lang='lat' dir='ltr'><strong>pervenire</strong></span> <span class='ocrx_word' id='word_1_199' title='bbox 1624 4310 1701 4378; x_wconf 92' lang='lat' dir='ltr'><strong>ad</strong></span> <span class='ocrx_word' id='word_1_200' title='bbox 1744 4307 2037 4379; x_wconf 84' lang='lat' dir='ltr'><strong>notitiam</strong></span> <span class='ocrx_word' id='word_1_201' title='bbox 2095 4311 2452 4380; x_wconf 82' lang='lat' dir='ltr'><strong>futurorum</strong></span> <span class='ocrx_word' id='word_1_202' title='bbox 2480 4313 2679 4402; x_wconf 81' lang='lat' dir='ltr'><strong>quod,</strong></span> 
     </span>
     <span class='ocr_line' id='line_1_28' title="bbox 441 4420 2683 4513; baseline 0.002 -21"><span class='ocrx_word' id='word_1_203' title='bbox 441 4420 501 4494; x_wconf 90' lang='lat' dir='ltr'><strong>in</strong></span> <span class='ocrx_word' id='word_1_204' title='bbox 546 4422 905 4496; x_wconf 81' lang='lat' dir='ltr'><strong>remedium</strong></span> <span class='ocrx_word' id='word_1_205' title='bbox 958 4420 1170 4494; x_wconf 91' lang='lat' dir='ltr'><strong>anime</strong></span> <span class='ocrx_word' id='word_1_206' title='bbox 1198 4435 1442 4513; x_wconf 86' lang='lat' dir='ltr'><strong>nostre,</strong></span> <span class='ocrx_word' id='word_1_207' title='bbox 1479 4420 1752 4494; x_wconf 89' lang='lat' dir='ltr'><strong>ecclesie</strong></span> <span class='ocrx_word' id='word_1_208' title='bbox 1791 4421 2321 4495; x_wconf 86' lang='lat' dir='ltr'><strong>victoriosissime</strong></span> <span class='ocrx_word' id='word_1_209' title='bbox 2360 4437 2424 4496; x_wconf 91' lang='lat' dir='ltr'><strong>et</strong></span> <span class='ocrx_word' id='word_1_210' title='bbox 2463 4424 2683 4497; x_wconf 89' lang='lat' dir='ltr'><strong>saluti-</strong></span> 
     </span>
     <span class='ocr_line' id='line_1_29' title="bbox 444 4533 2684 4626; baseline 0.003 -21"><span class='ocrx_word' id='word_1_211' title='bbox 444 4538 570 4609; x_wconf 80' lang='lat' dir='ltr'><strong>l&#39;ere</strong></span> <span class='ocrx_word' id='word_1_212' title='bbox 607 4534 831 4609; x_wconf 84' lang='lat' dir='ltr'><strong>Crucis</strong></span> <span class='ocrx_word' id='word_1_213' title='bbox 898 4538 1003 4609; x_wconf 91' lang='lat' dir='ltr'><strong>XX</strong></span> <span class='ocrx_word' id='word_1_214' title='bbox 1041 4534 1236 4606; x_wconf 88' lang='lat' dir='ltr'><strong>libras</strong></span> <span class='ocrx_word' id='word_1_215' title='bbox 1274 4533 1545 4626; x_wconf 77' lang='lat' dir='ltr'><strong>singulis</strong></span> <span class='ocrx_word' id='word_1_216' title='bbox 1584 4534 1772 4606; x_wconf 81' lang='lat' dir='ltr'><strong>annis</strong></span> <span class='ocrx_word' id='word_1_217' title='bbox 1810 4534 1877 4606; x_wconf 79' lang='lat' dir='ltr'><strong>in</strong></span> <span class='ocrx_word' id='word_1_218' title='bbox 1916 4537 2024 4609; x_wconf 91' lang='lat' dir='ltr'><strong>die</strong></span> <span class='ocrx_word' id='word_1_219' title='bbox 2052 4535 2473 4608; x_wconf 86' lang='lat' dir='ltr'><strong>anniversarii</strong></span> <span class='ocrx_word' id='word_1_220' title='bbox 2505 4561 2684 4611; x_wconf 42' lang='lat' dir='ltr'><strong>‘nos-</strong></span> 
     </span>
     <span class='ocr_line' id='line_1_30' title="bbox 444 4647 2685 4740; baseline 0.002 -21"><span class='ocrx_word' id='word_1_221' title='bbox 444 4650 519 4721; x_wconf 87' lang='lat' dir='ltr'><strong>tri</strong></span> <span class='ocrx_word' id='word_1_222' title='bbox 554 4648 1033 4723; x_wconf 90' lang='lat' dir='ltr'><strong>distribuendas</strong></span> <span class='ocrx_word' id='word_1_223' title='bbox 1062 4647 1534 4733; x_wconf 79' lang='lat' dir='ltr'><strong>concessimus,</strong></span> <span class='ocrx_word' id='word_1_224' title='bbox 1560 4648 1645 4721; x_wconf 89' lang='lat' dir='ltr'><strong>ita</strong></span> <span class='ocrx_word' id='word_1_225' title='bbox 1674 4652 1847 4740; x_wconf 89' lang='lat' dir='ltr'><strong>quod</strong></span> <span class='ocrx_word' id='word_1_226' title='bbox 1886 4652 1932 4720; x_wconf 94' lang='lat' dir='ltr'><strong>C</strong></span> <span class='ocrx_word' id='word_1_227' title='bbox 1954 4647 2148 4721; x_wconf 87' lang='lat' dir='ltr'><strong>solidi</strong></span> <span class='ocrx_word' id='word_1_228' title='bbox 2195 4650 2504 4737; x_wconf 88' lang='lat' dir='ltr'><strong>nutritiis,</strong></span> <span class='ocrx_word' id='word_1_229' title='bbox 2538 4651 2685 4724; x_wconf 85' lang='lat' dir='ltr'><strong>reli-</strong></span> 
     </span>
    </p>
   </div>
  </div>
 </body>
</html>
