<?xml version="1.0" encoding="UTF-8"?>
<!DOCTYPE html PUBLIC "-//W3C//DTD XHTML 1.0 Transitional//EN"
    "http://www.w3.org/TR/xhtml1/DTD/xhtml1-transitional.dtd">
<html xmlns="http://www.w3.org/1999/xhtml" xml:lang="en" lang="en">
 <head>
  <title>
</title>
<meta http-equiv="Content-Type" content="text/html;charset=utf-8" />
  <meta name='ocr-system' content='tesseract 3.04.00' />
  <meta name='ocr-capabilities' content='ocr_page ocr_carea ocr_par ocr_line ocrx_word'/>
</head>
<body>
  <div class='ocr_page' id='page_1' title='image "./cartulairedesai00thilgoog_0637.png"; bbox 0 0 3485 5571; ppageno 0'>
   <div class='ocr_carea' id='block_1_1' title="bbox 1366 1035 1752 1098">
    <p class='ocr_par' dir='ltr' id='par_1_1' title="bbox 1366 1035 1752 1098">
     <span class='ocr_line' id='line_1_1' title="bbox 1366 1035 1752 1098; baseline 0.003 -1"><span class='ocrx_word' id='word_1_1' title='bbox 1366 1035 1752 1098; x_wconf 75' lang='lat' dir='ltr'><strong>cccxxxix</strong></span> 
     </span>
    </p>
   </div>
   <div class='ocr_carea' id='block_1_2' title="bbox 1295 1334 1823 1419">
    <p class='ocr_par' dir='ltr' id='par_1_2' title="bbox 1295 1334 1823 1419">
     <span class='ocr_line' id='line_1_2' title="bbox 1295 1334 1823 1419; baseline -0.002 -19"><span class='ocrx_word' id='word_1_2' title='bbox 1295 1338 1373 1400; x_wconf 76' lang='lat'><strong>15</strong></span> <span class='ocrx_word' id='word_1_3' title='bbox 1412 1337 1625 1419; x_wconf 83' lang='lat' dir='ltr'><strong>juillet</strong></span> <span class='ocrx_word' id='word_1_4' title='bbox 1664 1334 1823 1399; x_wconf 77' lang='lat'><strong>1277</strong></span> 
     </span>
    </p>
   </div>
   <div class='ocr_carea' id='block_1_3' title="bbox 414 1589 2690 1762">
    <p class='ocr_par' dir='ltr' id='par_1_3' title="bbox 414 1589 2690 1762">
     <span class='ocr_line' id='line_1_3' title="bbox 414 1589 2689 1664; baseline 0.002 -18"><span class='ocrx_word' id='word_1_5' title='bbox 414 1590 948 1661; x_wconf 75' lang='lat' dir='ltr'><strong>Beconnaissance,</strong></span> <span class='ocrx_word' id='word_1_6' title='bbox 978 1605 1079 1661; x_wconf 88' lang='lat' dir='ltr'><strong>par</strong></span> <span class='ocrx_word' id='word_1_7' title='bbox 1106 1594 1367 1645; x_wconf 75' lang='lat' dir='ltr'><strong>sentence</strong></span> <span class='ocrx_word' id='word_1_8' title='bbox 1410 1589 1674 1646; x_wconf 73' lang='lat' dir='ltr'><strong>arbitrale</strong></span> <span class='ocrx_word' id='word_1_9' title='bbox 1714 1591 1793 1647; x_wconf 88' lang='lat' dir='ltr'><strong>du</strong></span> <span class='ocrx_word' id='word_1_10' title='bbox 1841 1592 2110 1664; x_wconf 85' lang='lat' dir='ltr'><strong>chapitre,</strong></span> <span class='ocrx_word' id='word_1_11' title='bbox 2144 1593 2220 1649; x_wconf 86' lang='lat' dir='ltr'><strong>du</strong></span> <span class='ocrx_word' id='word_1_12' title='bbox 2268 1594 2417 1650; x_wconf 84' lang='lat' dir='ltr'><strong>droit</strong></span> <span class='ocrx_word' id='word_1_13' title='bbox 2450 1594 2527 1651; x_wconf 90' lang='lat' dir='ltr'><strong>du</strong></span> <span class='ocrx_word' id='word_1_14' title='bbox 2556 1596 2689 1651; x_wconf 77' lang='lat' dir='ltr'><strong>cure</strong></span> 
     </span>
     <span class='ocr_line' id='line_1_4' title="bbox 504 1686 2690 1762; baseline 0.003 -21"><span class='ocrx_word' id='word_1_15' title='bbox 504 1688 580 1742; x_wconf 89' lang='lat' dir='ltr'><strong>de</strong></span> <span class='ocrx_word' id='word_1_16' title='bbox 607 1686 818 1743; x_wconf 63' lang='lat' dir='ltr'><strong>Mardis</strong></span> <span class='ocrx_word' id='word_1_17' title='bbox 842 1688 874 1742; x_wconf 69' lang='lat' dir='ltr'><strong>a</strong></span> <span class='ocrx_word' id='word_1_18' title='bbox 901 1703 977 1742; x_wconf 87' lang='lat' dir='ltr'><strong>un</strong></span> <span class='ocrx_word' id='word_1_19' title='bbox 1013 1687 1201 1742; x_wconf 88' lang='lat' dir='ltr'><strong>muids</strong></span> <span class='ocrx_word' id='word_1_20' title='bbox 1230 1686 1299 1743; x_wconf 88' lang='lat' dir='ltr'><strong>de</strong></span> <span class='ocrx_word' id='word_1_21' title='bbox 1328 1687 1420 1742; x_wconf 87' lang='lat' dir='ltr'><strong>vin</strong></span> <span class='ocrx_word' id='word_1_22' title='bbox 1450 1704 1549 1743; x_wconf 89' lang='lat' dir='ltr'><strong>sur</strong></span> <span class='ocrx_word' id='word_1_23' title='bbox 1575 1689 1627 1742; x_wconf 86' lang='lat' dir='ltr'><strong>la</strong></span> <span class='ocrx_word' id='word_1_24' title='bbox 1658 1688 1808 1744; x_wconf 81' lang='lat' dir='ltr'><strong>dime</strong></span> <span class='ocrx_word' id='word_1_25' title='bbox 1849 1690 1926 1745; x_wconf 91' lang='lat' dir='ltr'><strong>du</strong></span> <span class='ocrx_word' id='word_1_26' title='bbox 1962 1690 2216 1762; x_wconf 83' lang='lat' dir='ltr'><strong>chapitre</strong></span> <span class='ocrx_word' id='word_1_27' title='bbox 2243 1708 2258 1761; x_wconf 90' lang='lat'>;</span> <span class='ocrx_word' id='word_1_28' title='bbox 2295 1693 2433 1748; x_wconf 87' lang='lat' dir='ltr'><strong>mais</strong></span> <span class='ocrx_word' id='word_1_29' title='bbox 2482 1692 2690 1747; x_wconf 84' lang='lat' dir='ltr'><strong>durant</strong></span> 
     </span>
    </p>
   </div>
   <div class='ocr_carea' id='block_1_4' title="bbox 502 1782 2687 1950">
    <p class='ocr_par' dir='ltr' id='par_1_4' title="bbox 502 1782 2687 1950">
     <span class='ocr_line' id='line_1_5' title="bbox 502 1782 2687 1858; baseline 0.001 -19"><span class='ocrx_word' id='word_1_30' title='bbox 502 1785 563 1855; x_wconf 82' lang='lat' dir='ltr'><strong>la</strong></span> <span class='ocrx_word' id='word_1_31' title='bbox 592 1782 677 1838; x_wconf 83' lang='lat' dir='ltr'><strong>vie</strong></span> <span class='ocrx_word' id='word_1_32' title='bbox 707 1782 776 1837; x_wconf 90' lang='lat' dir='ltr'><strong>de</strong></span> <span class='ocrx_word' id='word_1_33' title='bbox 814 1784 936 1853; x_wconf 80' lang='lat' dir='ltr'><strong>Guy</strong></span> <span class='ocrx_word' id='word_1_34' title='bbox 967 1783 1123 1851; x_wconf 82' lang='lat' dir='ltr'><strong>Fabi,</strong></span> <span class='ocrx_word' id='word_1_35' title='bbox 1168 1783 1462 1850; x_wconf 74' lang='lat' dir='ltr'><strong>eberwino,</strong></span> <span class='ocrx_word' id='word_1_36' title='bbox 1506 1784 1850 1840; x_wconf 78' lang='lat' dir='ltr'><strong>decimateur</strong></span> <span class='ocrx_word' id='word_1_37' title='bbox 1878 1787 2084 1858; x_wconf 86' lang='lat' dir='ltr'><strong>actuel,</strong></span> <span class='ocrx_word' id='word_1_38' title='bbox 2113 1788 2166 1841; x_wconf 91' lang='lat' dir='ltr'><strong>le</strong></span> <span class='ocrx_word' id='word_1_39' title='bbox 2191 1789 2325 1843; x_wconf 70' lang='lat' dir='ltr'><strong>cure</strong></span> <span class='ocrx_word' id='word_1_40' title='bbox 2362 1803 2588 1843; x_wconf 83' lang='lat' dir='ltr'><strong>recevra</strong></span> <span class='ocrx_word' id='word_1_41' title='bbox 2617 1803 2687 1843; x_wconf 87' lang='lat' dir='ltr'><strong>en</strong></span> 
     </span>
     <span class='ocr_line' id='line_1_6' title="bbox 502 1879 1425 1950; baseline 0.001 -17"><span class='ocrx_word' id='word_1_42' title='bbox 502 1879 950 1950; x_wconf 77' lang='lat' dir='ltr'><strong>representation</strong></span> <span class='ocrx_word' id='word_1_43' title='bbox 980 1880 1016 1934; x_wconf 90' lang='lat'>5</span> <span class='ocrx_word' id='word_1_44' title='bbox 1044 1895 1176 1935; x_wconf 85' lang='lat' dir='ltr'><strong>sous</strong></span> <span class='ocrx_word' id='word_1_45' title='bbox 1204 1880 1425 1950; x_wconf 74' lang='lat' dir='ltr'><strong>parisiS.</strong></span> 
     </span>
    </p>
   </div>
   <div class='ocr_carea' id='block_1_5' title="bbox 900 2023 2228 2100">
    <p class='ocr_par' dir='ltr' id='par_1_5' title="bbox 900 2023 2228 2100">
     <span class='ocr_line' id='line_1_7' title="bbox 900 2023 2228 2100; baseline 0.002 -20"><span class='ocrx_word' id='word_1_46' title='bbox 900 2023 1086 2095; x_wconf 77' lang='lat' dir='ltr'><strong>(Orig.</strong></span> <span class='ocrx_word' id='word_1_47' title='bbox 1127 2041 1175 2080; x_wconf 88' lang='lat' dir='ltr'><strong>s.</strong></span> <span class='ocrx_word' id='word_1_48' title='bbox 1206 2025 1398 2096; x_wconf 88' lang='lat' dir='ltr'><strong>parch.</strong></span> <span class='ocrx_word' id='word_1_49' title='bbox 1426 2025 1597 2080; x_wconf 88' lang='lat' dir='ltr'><strong>Arch.</strong></span> <span class='ocrx_word' id='word_1_50' title='bbox 1630 2025 1707 2081; x_wconf 92' lang='lat' dir='ltr'><strong>du</strong></span> <span class='ocrx_word' id='word_1_51' title='bbox 1740 2026 1948 2095; x_wconf 84' lang='lat' dir='ltr'><strong>Loiret‚</strong></span> <span class='ocrx_word' id='word_1_52' title='bbox 1984 2027 2050 2083; x_wconf 86' lang='lat' dir='ltr'><strong>G.</strong></span> <span class='ocrx_word' id='word_1_53' title='bbox 2080 2025 2228 2100; x_wconf 85' lang='lat'>347.)</span> 
     </span>
    </p>
   </div>
   <div class='ocr_carea' id='block_1_6' title="bbox 419 2238 2696 4729">
    <p class='ocr_par' dir='ltr' id='par_1_6' title="bbox 419 2238 2696 4729">
     <span class='ocr_line' id='line_1_8' title="bbox 526 2238 2690 2337; baseline 0.001 -23"><span class='ocrx_word' id='word_1_54' title='bbox 526 2238 850 2314; x_wconf 86' lang='lat' dir='ltr'><strong>Universis</strong></span> <span class='ocrx_word' id='word_1_55' title='bbox 893 2255 1228 2333; x_wconf 79' lang='lat' dir='ltr'><strong>presentes</strong></span> <span class='ocrx_word' id='word_1_56' title='bbox 1269 2242 1513 2313; x_wconf 78' lang='lat' dir='ltr'><strong>litteras</strong></span> <span class='ocrx_word' id='word_1_57' title='bbox 1552 2242 1948 2334; x_wconf 87' lang='lat' dir='ltr'><strong>inspecturis</strong></span> <span class='ocrx_word' id='word_1_58' title='bbox 2000 2245 2289 2315; x_wconf 87' lang='lat' dir='ltr'><strong>decanus</strong></span> <span class='ocrx_word' id='word_1_59' title='bbox 2346 2259 2411 2316; x_wconf 91' lang='lat' dir='ltr'><strong>et</strong></span> <span class='ocrx_word' id='word_1_60' title='bbox 2445 2245 2690 2337; x_wconf 90' lang='lat' dir='ltr'><strong>capitu-</strong></span> 
     </span>
     <span class='ocr_line' id='line_1_9' title="bbox 419 2354 2690 2451; baseline 0.003 -25"><span class='ocrx_word' id='word_1_61' title='bbox 419 2360 570 2427; x_wconf 88' lang='lat' dir='ltr'><strong>lum</strong></span> <span class='ocrx_word' id='word_1_62' title='bbox 611 2354 1102 2427; x_wconf 83' lang='lat' dir='ltr'><strong>Aurelianenses</strong></span> <span class='ocrx_word' id='word_1_63' title='bbox 1156 2359 1429 2427; x_wconf 90' lang='lat' dir='ltr'><strong>salutem</strong></span> <span class='ocrx_word' id='word_1_64' title='bbox 1482 2357 1549 2425; x_wconf 93' lang='lat' dir='ltr'><strong>in</strong></span> <span class='ocrx_word' id='word_1_65' title='bbox 1608 2356 1910 2429; x_wconf 89' lang='lat' dir='ltr'><strong>Domino.</strong></span> <span class='ocrx_word' id='word_1_66' title='bbox 1979 2357 2295 2429; x_wconf 88' lang='lat' dir='ltr'><strong>Noveritis</strong></span> <span class='ocrx_word' id='word_1_67' title='bbox 2333 2362 2506 2451; x_wconf 87' lang='lat' dir='ltr'><strong>quod</strong></span> <span class='ocrx_word' id='word_1_68' title='bbox 2542 2383 2690 2432; x_wconf 92' lang='lat' dir='ltr'><strong>cum</strong></span> 
     </span>
     <span class='ocr_line' id='line_1_10' title="bbox 421 2468 2689 2564; baseline 0.002 -23"><span class='ocrx_word' id='word_1_69' title='bbox 421 2468 782 2541; x_wconf 80' lang='lat' dir='ltr'><strong>contencio</strong></span> <span class='ocrx_word' id='word_1_70' title='bbox 809 2484 1160 2540; x_wconf 86' lang='lat' dir='ltr'><strong>verteretur</strong></span> <span class='ocrx_word' id='word_1_71' title='bbox 1197 2468 1362 2540; x_wconf 92' lang='lat' dir='ltr'><strong>inter</strong></span> <span class='ocrx_word' id='word_1_72' title='bbox 1414 2473 1771 2541; x_wconf 69' lang='lat' dir='ltr'><strong>iohannem</strong></span> <span class='ocrx_word' id='word_1_73' title='bbox 1813 2473 1894 2542; x_wconf 90' lang='lat' dir='ltr'><strong>de</strong></span> <span class='ocrx_word' id='word_1_74' title='bbox 1923 2470 2225 2555; x_wconf 87' lang='lat' dir='ltr'><strong>Vitriaco,</strong></span> <span class='ocrx_word' id='word_1_75' title='bbox 2265 2475 2689 2564; x_wconf 89' lang='lat' dir='ltr'><strong>presbiterum</strong></span> 
     </span>
     <span class='ocr_line' id='line_1_11' title="bbox 422 2582 2692 2677; baseline 0.003 -23"><span class='ocrx_word' id='word_1_76' title='bbox 422 2597 755 2655; x_wconf 90' lang='lat' dir='ltr'><strong>rectorem</strong></span> <span class='ocrx_word' id='word_1_77' title='bbox 795 2582 1069 2656; x_wconf 73' lang='lat' dir='ltr'><strong>ecclesie</strong></span> <span class='ocrx_word' id='word_1_78' title='bbox 1110 2586 1190 2654; x_wconf 91' lang='lat' dir='ltr'><strong>de</strong></span> <span class='ocrx_word' id='word_1_79' title='bbox 1233 2582 1530 2667; x_wconf 84' lang='lat' dir='ltr'><strong>Mardeio,</strong></span> <span class='ocrx_word' id='word_1_80' title='bbox 1572 2607 1645 2655; x_wconf 86' lang='lat' dir='ltr'><strong>ex</strong></span> <span class='ocrx_word' id='word_1_81' title='bbox 1669 2607 1793 2655; x_wconf 92' lang='lat' dir='ltr'><strong>una</strong></span> <span class='ocrx_word' id='word_1_82' title='bbox 1835 2599 2038 2676; x_wconf 88' lang='lat' dir='ltr'><strong>parte,</strong></span> <span class='ocrx_word' id='word_1_83' title='bbox 2081 2585 2379 2677; x_wconf 59' lang='lat' dir='ltr'><strong>etjvirum</strong></span> <span class='ocrx_word' id='word_1_84' title='bbox 2422 2611 2692 2659; x_wconf 85' lang='lat' dir='ltr'><strong>venera-</strong></span> 
     </span>
     <span class='ocr_line' id='line_1_12' title="bbox 428 2696 2693 2782; baseline 0.002 -13"><span class='ocrx_word' id='word_1_85' title='bbox 428 2700 637 2770; x_wconf 91' lang='lat' dir='ltr'><strong>bilem</strong></span> <span class='ocrx_word' id='word_1_86' title='bbox 677 2699 1009 2768; x_wconf 90' lang='lat' dir='ltr'><strong>dominum</strong></span> <span class='ocrx_word' id='word_1_87' title='bbox 1062 2696 1405 2768; x_wconf 88' lang='lat' dir='ltr'><strong>Guiardum</strong></span> <span class='ocrx_word' id='word_1_88' title='bbox 1470 2699 1712 2769; x_wconf 85' lang='lat' dir='ltr'><strong>dictum</strong></span> <span class='ocrx_word' id='word_1_89' title='bbox 1755 2698 1930 2782; x_wconf 85' lang='lat' dir='ltr'>Fabi,</span> <span class='ocrx_word' id='word_1_90' title='bbox 1985 2700 2498 2773; x_wconf 77' lang='lat' dir='ltr'><strong>concanonicum</strong></span> <span class='ocrx_word' id='word_1_91' title='bbox 2541 2726 2693 2776; x_wconf 90' lang='lat' dir='ltr'><strong>nos-</strong></span> 
     </span>
     <span class='ocr_line' id='line_1_13' title="bbox 425 2812 2690 2903; baseline 0.003 -20"><span class='ocrx_word' id='word_1_92' title='bbox 425 2827 635 2892; x_wconf 89' lang='lat' dir='ltr'><strong>trum,</strong></span> <span class='ocrx_word' id='word_1_93' title='bbox 678 2812 786 2903; x_wconf 87' lang='lat' dir='ltr'><strong>qui</strong></span> <span class='ocrx_word' id='word_1_94' title='bbox 830 2835 1002 2883; x_wconf 94' lang='lat' dir='ltr'><strong>nunc</strong></span> <span class='ocrx_word' id='word_1_95' title='bbox 1045 2826 1221 2883; x_wconf 89' lang='lat' dir='ltr'><strong>tenet</strong></span> <span class='ocrx_word' id='word_1_96' title='bbox 1256 2812 1569 2883; x_wconf 83' lang='lat' dir='ltr'><strong>decimam</strong></span> <span class='ocrx_word' id='word_1_97' title='bbox 1637 2825 1923 2884; x_wconf 90' lang='lat' dir='ltr'><strong>nostram</strong></span> <span class='ocrx_word' id='word_1_98' title='bbox 1963 2817 2042 2885; x_wconf 89' lang='lat' dir='ltr'><strong>de</strong></span> <span class='ocrx_word' id='word_1_99' title='bbox 2081 2819 2353 2887; x_wconf 84' lang='lat' dir='ltr'><strong>Mardeio</strong></span> <span class='ocrx_word' id='word_1_100' title='bbox 2393 2840 2428 2887; x_wconf 89' lang='lat' dir='ltr'><strong>a</strong></span> <span class='ocrx_word' id='word_1_101' title='bbox 2474 2821 2690 2902; x_wconf 89' lang='lat' dir='ltr'><strong>nobis,</strong></span> 
     </span>
     <span class='ocr_line' id='line_1_14' title="bbox 426 2925 2692 3017; baseline 0.003 -20"><span class='ocrx_word' id='word_1_102' title='bbox 426 2926 704 2999; x_wconf 91' lang='lat' dir='ltr'><strong>nomine</strong></span> <span class='ocrx_word' id='word_1_103' title='bbox 760 2941 982 2997; x_wconf 87' lang='lat' dir='ltr'><strong>nostro</strong></span> <span class='ocrx_word' id='word_1_104' title='bbox 1033 2940 1095 2997; x_wconf 93' lang='lat' dir='ltr'><strong>et</strong></span> <span class='ocrx_word' id='word_1_105' title='bbox 1151 2925 1427 2998; x_wconf 83' lang='lat' dir='ltr'><strong>ecclesie</strong></span> <span class='ocrx_word' id='word_1_106' title='bbox 1496 2941 1716 2998; x_wconf 90' lang='lat' dir='ltr'><strong>nostre</strong></span> <span class='ocrx_word' id='word_1_107' title='bbox 1776 2928 2276 3014; x_wconf 81' lang='lat' dir='ltr'><strong>Aurelianensis,</strong></span> <span class='ocrx_word' id='word_1_108' title='bbox 2356 2953 2430 3002; x_wconf 87' lang='lat' dir='ltr'><strong>ex</strong></span> <span class='ocrx_word' id='word_1_109' title='bbox 2469 2935 2692 3017; x_wconf 82' lang='lat' dir='ltr'><strong>altera,</strong></span> 
     </span>
     <span class='ocr_line' id='line_1_15' title="bbox 426 3041 2696 3133; baseline 0.003 -20"><span class='ocrx_word' id='word_1_110' title='bbox 426 3064 637 3133; x_wconf 90' lang='lat' dir='ltr'><strong>super</strong></span> <span class='ocrx_word' id='word_1_111' title='bbox 673 3063 752 3113; x_wconf 92' lang='lat' dir='ltr'><strong>eo</strong></span> <span class='ocrx_word' id='word_1_112' title='bbox 792 3041 1088 3113; x_wconf 88' lang='lat' dir='ltr'><strong>videlicet</strong></span> <span class='ocrx_word' id='word_1_113' title='bbox 1117 3044 1287 3132; x_wconf 89' lang='lat' dir='ltr'><strong>quod</strong></span> <span class='ocrx_word' id='word_1_114' title='bbox 1351 3042 1561 3113; x_wconf 89' lang='lat' dir='ltr'><strong>dictus</strong></span> <span class='ocrx_word' id='word_1_115' title='bbox 1625 3042 1941 3132; x_wconf 87' lang='lat' dir='ltr'><strong>presbiter</strong></span> <span class='ocrx_word' id='word_1_116' title='bbox 1979 3044 2116 3114; x_wconf 89' lang='lat' dir='ltr'><strong>sive</strong></span> <span class='ocrx_word' id='word_1_117' title='bbox 2171 3058 2382 3116; x_wconf 89' lang='lat' dir='ltr'><strong>rector</strong></span> <span class='ocrx_word' id='word_1_118' title='bbox 2444 3045 2696 3119; x_wconf 87' lang='lat' dir='ltr'><strong>dicebat</strong></span> 
     </span>
     <span class='ocr_line' id='line_1_16' title="bbox 425 3155 2694 3252; baseline 0.002 -25"><span class='ocrx_word' id='word_1_119' title='bbox 425 3179 507 3227; x_wconf 89' lang='lat' dir='ltr'><strong>se</strong></span> <span class='ocrx_word' id='word_1_120' title='bbox 553 3158 788 3227; x_wconf 87' lang='lat' dir='ltr'><strong>babere</strong></span> <span class='ocrx_word' id='word_1_121' title='bbox 828 3179 1025 3225; x_wconf 92' lang='lat' dir='ltr'><strong>unum</strong></span> <span class='ocrx_word' id='word_1_122' title='bbox 1065 3157 1350 3226; x_wconf 91' lang='lat' dir='ltr'><strong>modium</strong></span> <span class='ocrx_word' id='word_1_123' title='bbox 1384 3155 1511 3227; x_wconf 84' lang='lat' dir='ltr'><strong>vini</strong></span> <span class='ocrx_word' id='word_1_124' title='bbox 1562 3155 1626 3226; x_wconf 89' lang='lat' dir='ltr'><strong>in</strong></span> <span class='ocrx_word' id='word_1_125' title='bbox 1660 3157 1909 3228; x_wconf 87' lang='lat' dir='ltr'><strong>decima</strong></span> <span class='ocrx_word' id='word_1_126' title='bbox 1950 3156 2237 3249; x_wconf 91' lang='lat' dir='ltr'><strong>predicta</strong></span> <span class='ocrx_word' id='word_1_127' title='bbox 2273 3183 2443 3231; x_wconf 89' lang='lat' dir='ltr'><strong>anno</strong></span> <span class='ocrx_word' id='word_1_128' title='bbox 2482 3161 2694 3252; x_wconf 87' lang='lat' dir='ltr'><strong>quoli-</strong></span> 
     </span>
     <span class='ocr_line' id='line_1_17' title="bbox 429 3267 2691 3361; baseline 0.002 -19"><span class='ocrx_word' id='word_1_129' title='bbox 429 3268 650 3342; x_wconf 88' lang='lat' dir='ltr'><strong>hetin</strong></span> <span class='ocrx_word' id='word_1_130' title='bbox 714 3267 1076 3352; x_wconf 76' lang='lat' dir='ltr'><strong>vindemiiS,</strong></span> <span class='ocrx_word' id='word_1_131' title='bbox 1138 3282 1203 3341; x_wconf 95' lang='lat' dir='ltr'><strong>et</strong></span> <span class='ocrx_word' id='word_1_132' title='bbox 1269 3272 1772 3361; x_wconf 81' lang='lat' dir='ltr'><strong>predecessores</strong></span> <span class='ocrx_word' id='word_1_133' title='bbox 1810 3294 1962 3342; x_wconf 87' lang='lat' dir='ltr'><strong>suos</strong></span> <span class='ocrx_word' id='word_1_134' title='bbox 2008 3270 2073 3342; x_wconf 89' lang='lat' dir='ltr'><strong>in</strong></span> <span class='ocrx_word' id='word_1_135' title='bbox 2112 3273 2280 3343; x_wconf 90' lang='lat' dir='ltr'><strong>dicta</strong></span> <span class='ocrx_word' id='word_1_136' title='bbox 2318 3276 2594 3346; x_wconf 91' lang='lat' dir='ltr'><strong>ecclesia</strong></span> <span class='ocrx_word' id='word_1_137' title='bbox 2626 3275 2691 3346; x_wconf 92' lang='lat' dir='ltr'><strong>in</strong></span> 
     </span>
     <span class='ocr_line' id='line_1_18' title="bbox 433 3383 2695 3477; baseline 0.002 -22"><span class='ocrx_word' id='word_1_138' title='bbox 433 3384 859 3477; x_wconf 84' lang='lat' dir='ltr'><strong>possessione</strong></span> <span class='ocrx_word' id='word_1_139' title='bbox 934 3383 1133 3455; x_wconf 83' lang='lat' dir='ltr'><strong>fuisse</strong></span> <span class='ocrx_word' id='word_1_140' title='bbox 1198 3407 1234 3454; x_wconf 90' lang='lat' dir='ltr'><strong>a</strong></span> <span class='ocrx_word' id='word_1_141' title='bbox 1309 3397 1599 3476; x_wconf 90' lang='lat' dir='ltr'><strong>tempore</strong></span> <span class='ocrx_word' id='word_1_142' title='bbox 1655 3387 1842 3477; x_wconf 88' lang='lat' dir='ltr'><strong>cujus</strong></span> <span class='ocrx_word' id='word_1_143' title='bbox 1918 3386 2224 3458; x_wconf 88' lang='lat' dir='ltr'><strong>memoria</strong></span> <span class='ocrx_word' id='word_1_144' title='bbox 2290 3410 2419 3458; x_wconf 90' lang='lat' dir='ltr'><strong>non</strong></span> <span class='ocrx_word' id='word_1_145' title='bbox 2480 3386 2695 3461; x_wconf 84' lang='lat' dir='ltr'><strong>existit</strong></span> 
     </span>
     <span class='ocr_line' id='line_1_19' title="bbox 431 3496 2694 3589; baseline 0.004 -22"><span class='ocrx_word' id='word_1_146' title='bbox 431 3497 718 3569; x_wconf 86' lang='lat' dir='ltr'><strong>habendi</strong></span> <span class='ocrx_word' id='word_1_147' title='bbox 759 3509 822 3569; x_wconf 92' lang='lat' dir='ltr'><strong>et</strong></span> <span class='ocrx_word' id='word_1_148' title='bbox 868 3496 1265 3589; x_wconf 86' lang='lat' dir='ltr'><strong>percipiendi</strong></span> <span class='ocrx_word' id='word_1_149' title='bbox 1329 3496 1570 3569; x_wconf 88' lang='lat' dir='ltr'><strong>dictum</strong></span> <span class='ocrx_word' id='word_1_150' title='bbox 1611 3500 1899 3569; x_wconf 91' lang='lat' dir='ltr'><strong>modium</strong></span> <span class='ocrx_word' id='word_1_151' title='bbox 1949 3499 2074 3569; x_wconf 89' lang='lat' dir='ltr'><strong>vini</strong></span> <span class='ocrx_word' id='word_1_152' title='bbox 2118 3499 2377 3572; x_wconf 90' lang='lat' dir='ltr'><strong>nomine</strong></span> <span class='ocrx_word' id='word_1_153' title='bbox 2416 3503 2694 3575; x_wconf 87' lang='lat' dir='ltr'><strong>ecclesie</strong></span> 
     </span>
     <span class='ocr_line' id='line_1_20' title="bbox 430 3609 2691 3697; baseline 0.002 -14"><span class='ocrx_word' id='word_1_154' title='bbox 430 3635 584 3696; x_wconf 89' lang='lat' dir='ltr'><strong>sue,</strong></span> <span class='ocrx_word' id='word_1_155' title='bbox 652 3609 824 3682; x_wconf 87' lang='lat' dir='ltr'><strong>dicto</strong></span> <span class='ocrx_word' id='word_1_156' title='bbox 890 3611 1202 3683; x_wconf 89' lang='lat' dir='ltr'><strong>canonico</strong></span> <span class='ocrx_word' id='word_1_157' title='bbox 1278 3611 1669 3683; x_wconf 88' lang='lat' dir='ltr'><strong>contrarium</strong></span> <span class='ocrx_word' id='word_1_158' title='bbox 1725 3627 2105 3697; x_wconf 88' lang='lat' dir='ltr'><strong>asserente;</strong></span> <span class='ocrx_word' id='word_1_159' title='bbox 2173 3617 2428 3686; x_wconf 88' lang='lat' dir='ltr'><strong>tandem</strong></span> <span class='ocrx_word' id='word_1_160' title='bbox 2503 3620 2691 3689; x_wconf 90' lang='lat' dir='ltr'><strong>ambe</strong></span> 
     </span>
     <span class='ocr_line' id='line_1_21' title="bbox 434 3725 2687 3819; baseline 0.001 -21"><span class='ocrx_word' id='word_1_161' title='bbox 434 3741 652 3819; x_wconf 86' lang='lat' dir='ltr'><strong>partes</strong></span> <span class='ocrx_word' id='word_1_162' title='bbox 710 3739 1019 3817; x_wconf 90' lang='lat' dir='ltr'><strong>quantum</strong></span> <span class='ocrx_word' id='word_1_163' title='bbox 1079 3729 1157 3797; x_wconf 91' lang='lat' dir='ltr'><strong>ad</strong></span> <span class='ocrx_word' id='word_1_164' title='bbox 1220 3725 1503 3818; x_wconf 86' lang='lat' dir='ltr'><strong>predicta</strong></span> <span class='ocrx_word' id='word_1_165' title='bbox 1577 3749 1650 3798; x_wconf 90' lang='lat' dir='ltr'><strong>se</strong></span> <span class='ocrx_word' id='word_1_166' title='bbox 1711 3730 1840 3799; x_wconf 91' lang='lat' dir='ltr'><strong>alte</strong></span> <span class='ocrx_word' id='word_1_167' title='bbox 1906 3742 1971 3799; x_wconf 91' lang='lat' dir='ltr'><strong>et</strong></span> <span class='ocrx_word' id='word_1_168' title='bbox 2038 3731 2229 3800; x_wconf 87' lang='lat' dir='ltr'><strong>basse</strong></span> <span class='ocrx_word' id='word_1_169' title='bbox 2290 3729 2687 3803; x_wconf 87' lang='lat' dir='ltr'><strong>ordinacioni</strong></span> 
     </span>
     <span class='ocr_line' id='line_1_22' title="bbox 432 3840 2689 3935; baseline 0.002 -23"><span class='ocrx_word' id='word_1_170' title='bbox 432 3855 656 3913; x_wconf 87' lang='lat' dir='ltr'><strong>nostre</strong></span> <span class='ocrx_word' id='word_1_171' title='bbox 690 3853 1172 3932; x_wconf 91' lang='lat' dir='ltr'><strong>supposuerunt</strong></span> <span class='ocrx_word' id='word_1_172' title='bbox 1219 3855 1284 3911; x_wconf 92' lang='lat' dir='ltr'><strong>et</strong></span> <span class='ocrx_word' id='word_1_173' title='bbox 1337 3843 1508 3931; x_wconf 89' lang='lat' dir='ltr'><strong>quod</strong></span> <span class='ocrx_word' id='word_1_174' title='bbox 1548 3843 1629 3912; x_wconf 90' lang='lat' dir='ltr'><strong>de</strong></span> <span class='ocrx_word' id='word_1_175' title='bbox 1671 3840 2007 3931; x_wconf 86' lang='lat' dir='ltr'><strong>premissis</strong></span> <span class='ocrx_word' id='word_1_176' title='bbox 2047 3842 2491 3916; x_wconf 80' lang='lat' dir='ltr'><strong>ordinaremus</strong></span> <span class='ocrx_word' id='word_1_177' title='bbox 2534 3869 2689 3935; x_wconf 88' lang='lat' dir='ltr'><strong>pro-</strong></span> 
     </span>
     <span class='ocr_line' id='line_1_23' title="bbox 436 3952 2692 4042; baseline 0.002 -16"><span class='ocrx_word' id='word_1_178' title='bbox 436 3958 757 4027; x_wconf 88' lang='lat' dir='ltr'><strong>miserunt</strong></span> <span class='ocrx_word' id='word_1_179' title='bbox 791 3956 915 4025; x_wconf 90' lang='lat' dir='ltr'><strong>fide</strong></span> <span class='ocrx_word' id='word_1_180' title='bbox 942 3954 1150 4026; x_wconf 87' lang='lat' dir='ltr'><strong>media</strong></span> <span class='ocrx_word' id='word_1_181' title='bbox 1191 3952 1642 4026; x_wconf 88' lang='lat' dir='ltr'><strong>inviolabiliter</strong></span> <span class='ocrx_word' id='word_1_182' title='bbox 1670 3967 2058 4027; x_wconf 75' lang='lat' dir='ltr'><strong>servaturoS.</strong></span> <span class='ocrx_word' id='word_1_183' title='bbox 2093 3961 2220 4028; x_wconf 89' lang='lat' dir='ltr'><strong>Nos</strong></span> <span class='ocrx_word' id='word_1_184' title='bbox 2251 3981 2424 4042; x_wconf 89' lang='lat' dir='ltr'><strong>vero,</strong></span> <span class='ocrx_word' id='word_1_185' title='bbox 2462 3959 2692 4030; x_wconf 88' lang='lat' dir='ltr'><strong>utrius-</strong></span> 
     </span>
     <span class='ocr_line' id='line_1_24' title="bbox 436 4067 2685 4164; baseline 0.002 -24"><span class='ocrx_word' id='word_1_186' title='bbox 436 4092 564 4161; x_wconf 91' lang='lat' dir='ltr'><strong>que</strong></span> <span class='ocrx_word' id='word_1_187' title='bbox 594 4068 893 4160; x_wconf 88' lang='lat' dir='ltr'><strong>precibus</strong></span> <span class='ocrx_word' id='word_1_188' title='bbox 918 4067 1288 4139; x_wconf 86' lang='lat' dir='ltr'><strong>racionibus</strong></span> <span class='ocrx_word' id='word_1_189' title='bbox 1315 4067 1766 4152; x_wconf 86' lang='lat' dir='ltr'><strong>consideratis,</strong></span> <span class='ocrx_word' id='word_1_190' title='bbox 1806 4071 2097 4161; x_wconf 88' lang='lat' dir='ltr'><strong>pluribus</strong></span> <span class='ocrx_word' id='word_1_191' title='bbox 2125 4071 2327 4142; x_wconf 87' lang='lat' dir='ltr'><strong>eciam</strong></span> <span class='ocrx_word' id='word_1_192' title='bbox 2358 4075 2685 4164; x_wconf 88' lang='lat' dir='ltr'><strong>conjectu-</strong></span> 
     </span>
     <span class='ocr_line' id='line_1_25' title="bbox 436 4180 2685 4275; baseline 0.002 -22"><span class='ocrx_word' id='word_1_193' title='bbox 436 4182 528 4253; x_wconf 90' lang='lat' dir='ltr'><strong>ris</strong></span> <span class='ocrx_word' id='word_1_194' title='bbox 587 4195 650 4253; x_wconf 87' lang='lat' dir='ltr'><strong>et</strong></span> <span class='ocrx_word' id='word_1_195' title='bbox 709 4180 1302 4273; x_wconf 86' lang='lat' dir='ltr'><strong>presumptionibus</strong></span> <span class='ocrx_word' id='word_1_196' title='bbox 1363 4180 1929 4254; x_wconf 83' lang='lat' dir='ltr'><strong>vehementissime</strong></span> <span class='ocrx_word' id='word_1_197' title='bbox 1959 4207 2073 4275; x_wconf 91' lang='lat' dir='ltr'><strong>pro</strong></span> <span class='ocrx_word' id='word_1_198' title='bbox 2113 4183 2287 4255; x_wconf 89' lang='lat' dir='ltr'><strong>dicto</strong></span> <span class='ocrx_word' id='word_1_199' title='bbox 2329 4185 2685 4275; x_wconf 88' lang='lat' dir='ltr'><strong>presbitero</strong></span> 
     </span>
     <span class='ocr_line' id='line_1_26' title="bbox 437 4294 2687 4388; baseline 0.003 -23"><span class='ocrx_word' id='word_1_200' title='bbox 437 4294 822 4367; x_wconf 82' lang='lat' dir='ltr'><strong>facientibus</strong></span> <span class='ocrx_word' id='word_1_201' title='bbox 871 4294 1238 4378; x_wconf 87' lang='lat' dir='ltr'><strong>intellectis,</strong></span> <span class='ocrx_word' id='word_1_202' title='bbox 1281 4299 1692 4386; x_wconf 82' lang='lat' dir='ltr'><strong>attendentes</strong></span> <span class='ocrx_word' id='word_1_203' title='bbox 1745 4295 1949 4368; x_wconf 87' lang='lat' dir='ltr'><strong>eciam</strong></span> <span class='ocrx_word' id='word_1_204' title='bbox 1988 4300 2156 4388; x_wconf 92' lang='lat' dir='ltr'><strong>quod</strong></span> <span class='ocrx_word' id='word_1_205' title='bbox 2201 4297 2366 4368; x_wconf 91' lang='lat' dir='ltr'><strong>dicta</strong></span> <span class='ocrx_word' id='word_1_206' title='bbox 2413 4297 2687 4371; x_wconf 89' lang='lat' dir='ltr'><strong>ecclesia</strong></span> 
     </span>
     <span class='ocr_line' id='line_1_27' title="bbox 435 4406 2684 4501; baseline 0.002 -21"><span class='ocrx_word' id='word_1_207' title='bbox 435 4411 516 4480; x_wconf 89' lang='lat' dir='ltr'><strong>ad</strong></span> <span class='ocrx_word' id='word_1_208' title='bbox 578 4406 984 4480; x_wconf 89' lang='lat' dir='ltr'><strong>collationem</strong></span> <span class='ocrx_word' id='word_1_209' title='bbox 1041 4422 1323 4480; x_wconf 85' lang='lat' dir='ltr'><strong>nostram</strong></span> <span class='ocrx_word' id='word_1_210' title='bbox 1404 4412 1594 4500; x_wconf 93' lang='lat' dir='ltr'><strong>pleno</strong></span> <span class='ocrx_word' id='word_1_211' title='bbox 1648 4412 1793 4501; x_wconf 90' lang='lat' dir='ltr'><strong>jure</strong></span> <span class='ocrx_word' id='word_1_212' title='bbox 1845 4425 2094 4501; x_wconf 88' lang='lat' dir='ltr'><strong>spectat</strong></span> <span class='ocrx_word' id='word_1_213' title='bbox 2159 4426 2222 4482; x_wconf 91' lang='lat' dir='ltr'><strong>et</strong></span> <span class='ocrx_word' id='word_1_214' title='bbox 2287 4414 2435 4482; x_wconf 88' lang='lat' dir='ltr'><strong>ideo</strong></span> <span class='ocrx_word' id='word_1_215' title='bbox 2473 4415 2684 4484; x_wconf 88' lang='lat' dir='ltr'><strong>eidem</strong></span> 
     </span>
     <span class='ocr_line' id='line_1_28' title="bbox 436 4521 2682 4616; baseline 0.001 -23"><span class='ocrx_word' id='word_1_216' title='bbox 436 4521 715 4595; x_wconf 89' lang='lat' dir='ltr'><strong>ecclesie</strong></span> <span class='ocrx_word' id='word_1_217' title='bbox 777 4545 905 4593; x_wconf 92' lang='lat' dir='ltr'><strong>non</strong></span> <span class='ocrx_word' id='word_1_218' title='bbox 966 4521 1290 4594; x_wconf 90' lang='lat' dir='ltr'><strong>immerito</strong></span> <span class='ocrx_word' id='word_1_219' title='bbox 1350 4527 1495 4615; x_wconf 91' lang='lat' dir='ltr'><strong>plus</strong></span> <span class='ocrx_word' id='word_1_220' title='bbox 1533 4537 1854 4606; x_wconf 89' lang='lat' dir='ltr'><strong>tenemur,</strong></span> <span class='ocrx_word' id='word_1_221' title='bbox 1899 4523 2248 4616; x_wconf 85' lang='lat' dir='ltr'><strong>predictam</strong></span> <span class='ocrx_word' id='word_1_222' title='bbox 2294 4525 2682 4597; x_wconf 87' lang='lat' dir='ltr'><strong>discordiam</strong></span> 
     </span>
     <span class='ocr_line' id='line_1_29' title="bbox 439 4635 2688 4729; baseline 0.001 -21"><span class='ocrx_word' id='word_1_223' title='bbox 439 4637 536 4709; x_wconf 85' lang='lat' dir='ltr'><strong>sic</strong></span> <span class='ocrx_word' id='word_1_224' title='bbox 576 4635 875 4708; x_wconf 86' lang='lat' dir='ltr'><strong>duximus</strong></span> <span class='ocrx_word' id='word_1_225' title='bbox 916 4637 1376 4710; x_wconf 89' lang='lat' dir='ltr'><strong>terminandam</strong></span> <span class='ocrx_word' id='word_1_226' title='bbox 1418 4635 1717 4709; x_wconf 86' lang='lat' dir='ltr'><strong>videlicet</strong></span> <span class='ocrx_word' id='word_1_227' title='bbox 1742 4640 1914 4729; x_wconf 92' lang='lat' dir='ltr'><strong>quod</strong></span> <span class='ocrx_word' id='word_1_228' title='bbox 1952 4660 2068 4729; x_wconf 86' lang='lat' dir='ltr'><strong>pro</strong></span> <span class='ocrx_word' id='word_1_229' title='bbox 2095 4635 2265 4710; x_wconf 88' lang='lat' dir='ltr'><strong>dicto</strong></span> <span class='ocrx_word' id='word_1_230' title='bbox 2304 4637 2521 4712; x_wconf 88' lang='lat' dir='ltr'><strong>modio</strong></span> <span class='ocrx_word' id='word_1_231' title='bbox 2558 4639 2688 4711; x_wconf 86' lang='lat' dir='ltr'><strong>vini</strong></span> 
     </span>
    </p>
   </div>
  </div>
 </body>
</html>
