3485 5571
1747 683 2106 754 -114-

1866 1069 1966 1128 Lx

1267 1317 1446 1398 [1149
1476 1316 1511 1379 a
1548 1315 1762 1398 1155&
1797 1317 2307 1381 Probablement
2335 1316 2560 1400 11502]

786 1570 968 1627 Raoul
998 1569 1334 1627 d’Issoudun
1365 1585 1609 1625 renonce
1634 1570 1665 1624 a
1695 1586 1786 1625 ses
1821 1568 2000 1625 droits
2044 1585 2144 1625 sur
2191 1569 2449 1626 Poisieux
2494 1586 2566 1625 en
2609 1571 2861 1644 echange
2907 1571 3043 1630 d’un

858 1683 991 1723 cens
1024 1666 1093 1723 de
1124 1667 1195 1722 20
1223 1681 1356 1722 sous
1388 1681 1499 1736 que
1531 1666 1605 1721 lui
1635 1665 1828 1737 paiera
1858 1666 1912 1722 le
1955 1665 2205 1738 chapitre
2251 1672 2307 1721 et
2352 1665 2587 1722 accorde'
2630 1668 2661 1722 a
2707 1684 2770 1723 ce
2821 1668 3047 1725 dernier

855 1763 1260 1820 l’autorisation
1303 1761 1372 1819 de
1415 1761 1723 1819 transferet
1772 1767 1826 1818 et
1868 1762 2248 1818 reconstruire
2292 1763 2344 1818 le
2387 1762 2568 1834 bonrg
2609 1763 2776 1820 ruine
2822 1781 2926 1837 par
2963 1766 3046 1822 les

857 1875 1109 1930 guerres.

789 2005 983 2078 (Copie
1009 2005 1078 2062 de
1103 2006 1327 2076 Baluze,
1357 2021 1413 2078 p.
1449 2005 1539 2061 72.
1577 2035 1638 2047 —
1670 2005 1794 2062 Bib.
1827 2006 1957 2063 Nat.
1987 2005 2135 2066 Coll.
2164 2007 2420 2077 Moreau,
2446 2012 2486 2062 t.
2519 2007 2629 2064 64:
2660 2006 2787 2079 181,
2821 2006 3047 2081 d'apres

1533 2101 1588 2158 le
1616 2101 1937 2172 cartulaire,
1967 2100 2017 2158 1'0
2045 2101 2151 2158 247
2179 2105 2285 2172 ν’).

878 2349 1263 2418 Sanctorum
1321 2357 1571 2437 patrum
1619 2343 2110 2415 auctoritatibus
2159 2364 2632 2431 ammonemur,
2698 2347 2793 2416 uti
2832 2349 3043 2418 Deum
3155 2342 3161 2348 ’

790 2483 902 2552 pre
940 2457 1242 2530 omnibus
1280 2460 1652 2551 diligamus,
1690 2470 1884 2550 atque
1922 2460 2061 2549 ejus
2099 2459 2326 2530 fideles
2377 2460 2446 2529 in
2502 2460 2625 2531 hac
2672 2459 3044 2534 transitoria

792 2572 915 2645 vita
950 2595 1168 2645 amore
1198 2573 1407 2665 ipsius
1447 2576 1869 2656 bonoremuS,
1929 2585 1994 2643 et
2033 2575 2112 2644 de
2177 2576 2371 2644 rebus
2410 2586 2472 2643 et
2514 2573 3045 2664 possessionibus

796 2687 1034 2760 nostris
1096 2686 1341 2759 eisdem
1399 2685 1724 2759 caritative
1786 2685 2151 2778 largiamur.
2209 2684 2376 2758 Dicit
2440 2686 2611 2757 enim
2660 2691 3043 2776 auctoritas,

792 2807 960 2897 quod
1018 2807 1288 2874 multum
1328 2807 1495 2875 valet
1556 2802 1922 2896 deprecatio
1970 2804 2132 2894 justi
2199 2801 2483 2885 assidua,
2522 2818 2586 2875 et
2621 2803 2769 2874 alibi
2805 2828 2821 2875 ε
2859 2806 3046 2877 Sicut

792 2942 954 3009 aqna
986 2917 1294 3011 extinguit
1326 2917 1570 3011 ignem,
1613 2917 1698 2990 ita
1729 2917 2128 2991 helemosina
2168 2917 2479 3009 extinguit
2499 2933 2858 3010 peccatum.
2888 2922 3047 2992 Ideo

792 3055 913 3123 ego
947 3035 1251 3104 Radulsus
1281 3031 1723 3104 Isoldunensis
1777 3046 2001 3103 notum
2066 3032 2200 3103 fieri
2231 3035 2375 3104 volo
2420 3045 2547 3104 tam
2587 3032 2818 3103 suturis
2847 3055 3046 3124 qnam

793 3145 1185 3217 instantibus
1209 3147 1355 3238 quia
1389 3149 1872 3238 postulaverunt
1903 3168 2005 3218 me
2044 3148 2323 3218 domnus
2361 3151 2712 3232 Manasses,
2754 3145 3047 3218 Aurelia-

794 3259 1016 3332 nensis
1056 3260 1332 3332 ecclesie
1373 3259 1755 3332 venerabilis
1794 3262 2164 3353 episcopus,
2194 3263 2473 3334 domnus
2503 3283 2758 3354 quoque
2799 3265 3043 3353 Symon

793 3375 1103 3460 decanus,
1150 3388 1450 3465 totusque
1490 3377 1782 3466 ejusdem
1821 3374 2097 3446 ecclesie
2135 3391 2516 3462 conventnS,
2562 3374 2653 3445 uti
2716 3377 3042 3466 quandam

793 3488 1008 3559 villam
1047 3512 1170 3579 que
1209 3488 1446 3560 dicitur
1486 3493 1817 3575 Puteolus‚
1867 3514 2010 3581 quae
2041 3488 2159 3560 sita
2192 3503 2293 3561 est
2331 3488 2395 3560 in
2453 3489 2821 3562 castellania
2861 3493 3049 3562 Isou-

793 3603 1094 3689 dunensi,
1137 3617 1328 3695 atque
1366 3627 1736 3696 guerrarum
1779 3629 2066 3678 mearum
2111 3602 2565 3677 occasionibus
2594 3617 2659 3676 et
2698 3607 3048 3696 predeces-

792 3742 1008 3791 sorum
1075 3742 1366 3791 meorum
1428 3724 1507 3791 ad
1567 3720 1905 3792 maximam
1973 3720 2334 3792 vastitatem
2395 3724 2652 3793 redacta
2729 3734 2884 3805 erat,
2959 3724 3043 3791 ab

790 3832 1090 3905 omnibus
1148 3834 1727 3907 consuetudinibus
1778 3859 1937 3928 quas
1999 3858 2119 3928 ego
2166 3838 2267 3907 vel
2298 3848 2746 3907 antecessores
2784 3833 2910 3905 mei
2951 3834 3043 3905 ibi

782 3951 956 4039 juste
1027 3962 1135 4020 aut
1196 3949 1434 4039 injuste
1490 3953 1945 4033 habueramus,
2012 3953 2095 4022 ob
2148 3948 2504 4021 remedium
2543 3947 2758 4020 anime
2796 3971 2941 4020 mee
2975 3963 3045 4020 et

788 4079 1123 4155 parentum
1193 4086 1483 4136 meorum
1535 4065 1887 4137 immunem
1959 4078 2025 4137 et
2087 4068 2444 4137 absolutam
2502 4068 2745 4157 absque
2828 4064 3041 4156 aliqua

785 4177 1240 4251 reclamatione
1268 4182 1632 4266 redderem,
1673 4195 1741 4253 et
1778 4203 1894 4274 pro
1934 4182 2238 4253 omnibus
2292 4177 2870 4252 consuetudinibus
2908 4177 3039 4250 illis

853 4537 870 4571 ¹
912 4538 1142 4593 Limites
1172 4538 1247 4593 du
1278 4539 1509 4594 decanat
1540 4540 1609 4596 de
1635 4538 1849 4597 Simon.

850 4624 872 4659 ²
911 4628 1054 4682 C‘est
1085 4628 1139 4684 la
1162 4628 1287 4684 date
1315 4628 1532 4685 donnee
1562 4646 1663 4699 par
1693 4626 1749 4687 la
1772 4630 1931 4704 copie
1960 4630 2029 4686 de
2057 4630 2110 4686 la
2130 4630 2425 4687 collection
2456 4628 2705 4700 Moreau,
2738 4626 2955 4701 d’apres
2980 4629 3036 4686 le

780 4717 1096 4773 cartulaire.
