3485 5571
1360 705 1715 780 —371-

409 842 661 913 Odonis
689 842 978 927 Borrelli,
1011 842 1258 928 militis,
1310 842 1554 914 domini
1592 845 1782 914 Curie
1832 845 2036 927 Alani,
2078 843 2286 916 fidelis
2326 845 2477 929 mei,
2512 869 2660 917 ven-s

407 954 735 1026 dicionem
773 959 850 1027 de
901 959 1094 1027 rebus
1133 960 1577 1028 tantummodo
1618 960 2014 1048 supradictis
2072 963 2217 1031 volo
2255 974 2318 1029 et
2349 962 2657 1042 concedo,

405 1083 471 1141 et
499 1072 672 1160 quod
737 1073 1017 1141 ecclesia
1069 1068 1547 1142 Aurelianensis
1610 1070 1814 1142 dictas
1880 1095 1985 1143 res
2042 1085 2285 1155 teneat,
2326 1075 2557 1143 habeat
2597 1088 2661 1144 et

409 1181 739 1273 possideat
798 1185 861 1252 in
923 1207 1114 1254 manu
1157 1197 1405 1255 mortua
1456 1186 1522 1253 in
1575 1200 1962 1276 perpetuum
2013 1183 2237 1267 libere,
2290 1184 2554 1276 pacifice
2598 1201 2661 1256 et

406 1296 650 1386 quiete,
709 1299 884 1367 salvo
940 1296 1225 1368 dominio
1269 1309 1336 1369 et
1385 1301 1530 1388 jure
1584 1320 1729 1369 meo
1792 1322 1915 1388 que
1975 1321 2094 1390 ego
2133 1313 2198 1370 et
2230 1301 2499 1370 heredes
2536 1298 2660 1370 mei

407 1415 725 1484 habemus
758 1416 823 1483 in
884 1412 1203 1485 territorio
1267 1418 1345 1486 de
1400 1414 1705 1505 Villagalli
1760 1416 1823 1485 in
1911 1416 2215 1486 omnibus
2254 1415 2398 1487 aliis
2437 1419 2655 1500 rebuS,

405 1528 696 1619 exceptis
742 1530 935 1599 rebus
985 1527 1261 1599 venditis
1315 1531 1731 1620 supradictiS.
1779 1533 1854 1599 Et
1894 1529 1956 1600 in
2021 1532 2213 1620 hujus
2247 1529 2336 1600 rei
2374 1529 2663 1602 testimo-

405 1639 589 1711 nium
646 1656 712 1712 et
774 1640 1105 1712 munimen
1150 1645 1227 1712 ad
1290 1641 1679 1734 peticionem
1744 1641 1897 1713 dicti
1959 1646 2039 1714 0.
2106 1642 2369 1715 Borrelii
2432 1646 2661 1716 militis

406 1758 658 1828 decano
698 1770 761 1826 et
800 1758 1079 1847 capituio
1120 1756 1559 1828 Aurelianensi
1606 1757 1850 1846 litteras
1893 1781 2067 1829 meas
2103 1757 2276 1841 dedi,
2319 1757 2508 1849 sigilii
2535 1759 2660 1831 mei

406 1867 772 1940 munimine
831 1872 1188 1941 roboratas.
1252 1875 1482 1941 Datum
1551 1893 1722 1942 anno
1792 1870 2049 1943 Domini
2105 1874 2357 1942 MCCXL
2406 1874 2657 1961 quinto,

406 2005 641 2055 mense
669 1986 1025 2055 decembri.

1351 2351 1708 2412 CCLXXVll

1257 2627 1618 2692 Decembre
1663 2619 1821 2692 1245

627 2887 899 2956 Beatrice,
928 2886 1093 2942 dame
1113 2886 1184 2941 de
1215 2884 1637 2953 saint-Amand‚
1660 2885 1933 2939 confirmo
1962 2884 2017 2939 la
2045 2885 2228 2938 meme
2257 2887 2437 2939 vente.

875 3032 1062 3104 (Orig.
1094 3049 1142 3087 s.
1174 3031 1366 3103 par-ch.
1394 3031 1565 3086 Arch.
1599 3030 1675 3085 du
1707 3029 1915 3098 Loiret,
1952 3029 2018 3084 G.
2048 3028 2199 3099 377).

501 3251 824 3321 Omnibus
864 3262 1200 3341 presentes
1239 3250 1486 3320 iitte'ras
1524 3245 1940 3339 inspecturis,
1974 3244 2249 3328 Beatrix‚
2282 3244 2541 3316 domina
2582 3249 2663 3316 de

410 3370 652 3436 Sancto
693 3366 1005 3447 Amando‚
1050 3365 1346 3434 salutem.
1393 3362 1773 3433 Noverint...
1827 3364 1909 3452 (A
1965 3384 2092 3453 peu
2145 3366 2301 3452 pres
2328 3383 2565 3430 comme
2596 3362 2660 3430 la

406 3481 510 3549 ch.
565 3466 1088 3567 CCLXXIX)...
1167 3480 1246 3548 ad
1288 3468 1543 3547 feodum
1586 3500 1801 3548 meum
1857 3477 2144 3547 secundo
2175 3476 2319 3545 loco
2360 3475 2441 3545 ad
2478 3476 2661 3545 here-

410 3595 676 3665 ditatem
729 3616 936 3663 meam
981 3591 1300 3684 pertinere
1341 3593 1807 3681 dignoscuntur
1844 3592 1922 3660 ad
1950 3588 2323 3680 petitionem
2353 3591 2660 3679 Stephani

410 3710 489 3778 de
528 3708 994 3799 Espesonvissa,
1064 3705 1386 3797 armigeri,
1439 3694 1648 3776 fidelis
1711 3704 1861 3790 mei,
1927 3702 2117 3796 primi
2183 3702 2426 3775 domini
2494 3703 2660 3773 feodi

413 3820 726 3894 dictarum
804 3844 1042 3904 rerum,
1116 3820 1560 3891 vendicionem
1626 3823 1705 3890 de
1772 3822 2045 3890 rebus...
2136 3821 2211 3888 ad
2276 3814 2659 3909 peticionem

411 3935 726 4007 dictorum
766 3933 1069 4027 Stephani
1113 3940 1175 4005 et
1203 3932 1550 4005 Huberti...
