3485 5571
1776 644 2132 712 -402..

1850 1052 2039 1115 ccc11

1740 1350 1924 1412 Avril
1951 1348 2112 1414 1259

820 1605 1093 1661 Sentence
1119 1602 1381 1659 arbitrale
1404 1605 1692 1674 assignant
1729 1604 1763 1658 a
1792 1603 2009 1675 Daniel,
2041 1603 2335 1677 chapelain
2397 1603 2466 1660 de
2530 1603 3067 1662 sainte-Madeleine

889 1717 959 1757 en
987 1700 1200 1772 l’eglise
1231 1699 1546 1768 d’Orleans,
1579 1701 1632 1757 le
1661 1717 1797 1758 cens
1822 1700 1920 1758 des
1947 1702 1983 1758 3
2038 1706 2269 1774 arpents
2316 1700 2388 1758 de
2436 1702 2599 1773 vigne
2643 1707 3015 1774 appartenant
3042 1701 3071 1754 a

888 1796 1055 1854 ladite
1084 1796 1336 1869 chapelle
1363 1798 1396 1853 a
1426 1798 1658 1867 Boucl),
1684 1803 1740 1855 et
1763 1798 1911 1855 celui
1938 1796 2011 1854 de
2036 1798 2073 1853 4
2099 1803 2330 1871 arpents
2349 1798 2419 1854 da
2446 1797 2611 1870 vigne
2630 1799 2664 1854 a
2685 1798 2882 1855 Pici-re
2903 1798 3074 1853 Bona-

888 1894 1210 1966 micharles,
1244 1896 1499 1967 exempta
1539 1895 1609 1951 de
1637 1911 1808 1968 payer
1835 1911 1915 1952 un
1942 1901 2248 1968 quarteron
2276 1895 2347 1951 de
2369 1895 2561 1968 poivre
2589 1896 2747 1952 audit
2781 1895 3071 1969 chapelain

888 1997 948 2048 et
971 1996 1229 2048 recevant
1249 1992 1318 2048 de
1347 1991 1428 2049 lui
1458 1991 1530 2048 40
1560 2008 1694 2048 sous
1726 1992 2006 2049 tournois.

890 2137 1084 2211 (Copia
1115 2137 1489 2195 collationnee
1513 2155 1563 2194 s.
1587 2138 1783 2211 parch.
1811 2138 1965 2195 xlv·
1991 2138 2193 2206 siecle;
2224 2138 2395 2196 Arch.
2416 2138 2493 2196 du
2513 2138 2721 2207 Loiret,
2753 2139 2823 2196 G.
2852 2138 3003 2208 427.)

907 2380 1228 2453 Omnibus
1267 2395 1605 2473 presentes
1643 2380 1890 2453 litteras
1929 2379 2325 2473 inspecturis
2371 2381 2664 2453 officialis
2718 2381 2904 2453 curie
2950 2386 3070 2452 Au·

816 2495 1206 2568 relianensis
1246 2498 1518 2569 salutem
1560 2494 1624 2567 in
1672 2495 1975 2568 Domino.
2035 2495 2351 2569 Noveritis
2387 2500 2560 2588 quod
2629 2519 2779 2569 cum
2847 2501 3073 2568 Petrus

816 2609 1377 2706 Boniamicikaroli
1438 2613 1631 2682 debet
1706 2609 1981 2702 singulis
2053 2609 2241 2682 annis
2325 2623 2390 2682 et
2478 2623 2651 2682 certa
2705 2609 2810 2682 die
2874 2633 3067 2681 unum

820 2737 1279 2817 quarteronum
1343 2723 1584 2820 piperis
1651 2726 1915 2798 nomine
1985 2727 2116 2797 cari
2182 2747 2421 2798 census
2480 2723 2758 2810 Danieli,
2841 2723 3072 2797 vicario

816 2838 1034 2911 altaris
1073 2843 1259 2913 beate
1287 2839 1473 2913 Marie
1505 2841 1871 2931 Magdalene
1909 2843 1976 2911 in
2010 2839 2288 2913 ecclesia
2314 2844 2549 2912 Sancte
2613 2839 2837 2911 Crucis
2879 2846 3073 2912 Aure-

817 2954 1127 3028 lianensis
1168 2955 1530 3042 constituti,
1560 2955 1819 3029 racione
1843 2958 2135 3049 ejusdem
2169 2955 2415 3040 altaris,
2447 2970 2511 3028 et
2549 2958 2632 3026 ob
2663 2959 2790 3028 boc
2820 2966 3074 3029 teneret

819 3069 991 3143 idem
1036 3075 1264 3142 Petrus
1289 3073 1369 3143 ab
1396 3070 1537 3163 ipso
1575 3069 1843 3144 Daniele
1881 3085 1946 3144 et
1985 3069 2242 3143 racione
2284 3072 2439 3143 dicu
2521 3070 2738 3142 altaris
2801 3093 3070 3143 censum

816 3197 1064 3276 septem
1095 3197 1506 3275 arpentorum
1534 3183 1717 3258 vinee
1750 3188 2049 3269 sitorum,
2077 3198 2147 3256 ut
2172 3184 2431 3272 dicitur,
2454 3186 2623 3276 apud
2646 3186 2941 3256 Boellum
2974 3185 3064 3256 vel

819 3298 1013 3383 circa,
1055 3300 1135 3368 de
1187 3297 1422 3390 quibus
1482 3312 1731 3392 septem
1796 3298 2081 3392 arpentis
2138 3297 2308 3370 idem
2362 3295 2587 3370 Daniel
2635 3296 2754 3369 tria
2817 3300 3072 3369 tenebat

819 3427 1082 3503 arpenta
1112 3438 1132 3498 3
1191 3427 1452 3499 etcum,
1493 3415 1839 3486 occasione
1871 3413 2358 3507 premissorum,
2388 3426 2564 3485 esset
2592 3426 2656 3485 et
2687 3414 3071 3484 multociens

820 3550 967 3599 esse
1048 3541 1271 3619 posset
1325 3528 1667 3601 contencio
1760 3527 1825 3598 in
1875 3529 2229 3600 hereditate
2288 3550 2484 3618 super
2530 3526 3064 3611 relevacionibus‚

820 3641 1073 3735 injuriis
1139 3657 1203 3716 et
1241 3643 1536 3716 emendis
1593 3643 1764 3714 inter
1818 3644 2026 3734 ipsos,
2080 3643 2338 3714 tandem
2388 3640 2599 3713 dictus
2641 3639 2897 3726 Daniel,
2959 3663 3069 3731 pro

819 3761 1148 3830 voluntate
1171 3781 1310 3847 sua,
1342 3772 1407 3831 et
1442 3758 1654 3829 dietus
1693 3761 1947 3841 Petrus,
1991 3756 2285 3827 similiter
2314 3778 2429 3847 pro
2467 3758 2795 3827 voluntate
2854 3777 2969 3826 sua
3005 3768 3066 3824 et

819 3875 900 3944 de
928 3872 1201 3944 consilio
1229 3872 1583 3945 amicorum
1615 3895 1913 3955 snorum,
1941 3894 2138 3962 super
2186 3868 2522 3963 premissis
2563 3871 2871 3941 omnibus
2906 3890 3069 3940 com-

819 3985 1252 4077 promiserunt
1301 3986 1366 4057 in
1397 3989 1750 4071 Bovonem,
1784 3984 2090 4057 vicarium
2138 3982 2291 4054 dicti
2322 3982 2563 4070 altaris,
2606 3997 2671 4054 et
2716 3986 3067 4053 lohannem

821 4102 902 4171 de
935 4099 1256 4186 Lorriaco,
1314 4099 1518 4173 civem
1573 4103 2125 4183 Aurelianensem,
2196 4097 2632 4189 promittendo
2690 4099 2818 4168 fide
2888 4117 3068 4188 pres-

817 4213 931 4286 tita
970 4230 1035 4286 et
1117 4218 1240 4287 sub
1307 4238 1469 4308 pena
1516 4230 1776 4287 centum
1830 4215 2181 4286 solidorum
2248 4212 2698 4304 parisiensium
2758 4211 3061 4281 hincinde

815 4333 1109 4423 apposita
1151 4352 1223 4401 se
1260 4329 1527 4401 firmiter
1556 4333 1900 4402 observare
1930 4326 2237 4420 quidquid
2274 4350 2390 4419 per
2434 4327 2614 4418 ipsos
2639 4341 2817 4399 esset
2854 4330 2983 4397 alte
3005 4337 3065 4396 et

817 4447 1007 4518 basse
1028 4467 1226 4536 super
1251 4443 1587 4539 premissis
1605 4444 1907 4516 omnibus
1923 4445 2288 4515 ordinatum
2301 4497 2319 4527 ,
2345 4440 2453 4533 qui
2477 4446 2648 4513 Bovo
2663 4453 2729 4513 et
2746 4444 3064 4513 lohannes

812 4558 1355 4632 incrincacionem
1395 4557 1768 4652 hujusmodi
1804 4556 2055 4651 negocii
2103 4558 2539 4640 attendenteS,
2584 4556 2826 4628 dictum
2882 4576 3060 4627 suum

808 4691 1009 4762 super
1043 4668 1377 4763 premissis
1408 4673 1814 4762 protulerunt
1853 4691 2068 4741 coram
2096 4668 2284 4739 uobis
2309 4668 2377 4737 in
2402 4670 2573 4740 hunc
2610 4669 2872 4739 modum
2898 4667 3061 4761 quod
