3485 5571
1370 643 1725 712 —143—

426 774 746 843 Robertus
787 776 1013 864 maj0r‚
1084 778 1262 865 Hugo
1336 775 1415 845 de
1454 776 1652 846 Alodo
1693 778 1920 866 major,
1960 778 2238 847 Obertus
2270 779 2349 847 de
2391 778 2671 869 Capella,

422 889 740 958 Aubertus
775 890 855 960 de
898 889 1124 971 Modo,
1184 891 1361 980 Hugo
1417 888 1754 974 Gueinare,
1800 892 2082 961 Andreas
2125 892 2490 974 Kerrechat,
2535 890 2671 963 Gilo

421 1002 595 1070 lilius
638 1003 920 1073 Gauterii
963 1000 1167 1087 Asini,
1209 1006 1651 1076 Bartolomeus
1694 1004 1772 1076 de
1805 1007 2029 1076 Ponte.

1425 1367 1671 1429 Lxxm

1429 1615 1674 1696 [1153]¹

417 1862 537 1916 Don
572 1879 674 1932 par
702 1863 754 1917 le
784 1862 1034 1933 chapitre
1065 1862 1133 1918 de
1164 1862 1542 1919 Seium-Crob(
1568 1880 1676 1918 aux
1704 1863 2009 1919 chanoines
2047 1865 2115 1919 de
2163 1865 2241 1918 La
2270 1863 2670 1920 Ferte-Avrain

489 1959 559 2013 de
591 1959 803 2030 l’eglise
833 1961 902 2015 de
932 1961 1578 2032 Neung-sur-Beuvron
1606 1978 1749 2033 pour
1776 1963 1847 2017 30
1871 1979 2003 2018 sous
2035 1962 2102 2017 de
2135 1979 2268 2017 cens
2293 1963 2523 2018 annuel.

885 2125 1061 2196 (Orig.
1095 2142 1140 2179 S.
1174 2125 1365 2196 parcb.
1395 2127 1567 2181 Arch.
1601 2124 1675 2181 du
1705 2126 1912 2191 Loiret,
1942 2128 2008 2182 G.
2040 2125 2191 2196 353).

505 2390 575 2455 In
623 2384 882 2456 nomine
921 2398 1142 2456 sancte
1187 2401 1248 2457 et
1289 2384 1612 2457 individue
1668 2386 2020 2457 Trinitatis.
2077 2391 2208 2477 Ego
2266 2386 2510 2470 Simon,
2553 2385 2669 2459 Dei

420 2498 850 2590 permissione
920 2500 1444 2572 victoriosissime
1522 2501 1741 2571 Crucis
1816 2500 2291 2572 Aurelianensis
2356 2502 2665 2585 decanus,

417 2627 758 2703 totumque
827 2614 1115 2704 ejusdem
1175 2616 1449 2685 ecclesie
1488 2626 1870 2685 conventus.
1938 2618 2163 2685 Notum
2207 2613 2473 2686 facimus
2519 2614 2666 2685 uni—

419 2727 624 2799 versis
667 2741 795 2799 tam
836 2717 1231 2800 instantibus
1280 2752 1470 2821 quam
1513 2727 1801 2800 venturis
1853 2731 2025 2821 quod
2086 2731 2549 2801 canonicorum
2592 2731 2672 2800 de

422 2841 748 2913 Firmitate
787 2843 1031 2914 Abreni
1073 2843 1359 2933 petitioni
1392 2843 1887 2935 adquiescentes
1942 2858 2191 2934 gratum
2224 2843 2671 2935 impertientes

418 2979 761 3028 assensum
801 2955 896 3027 eis
936 2956 1232 3028 dedimus
1271 2971 1334 3029 et
1374 2957 1437 3027 in
1495 2972 1873 3049 perpetuum
1915 2960 2272 3028 habendam
2341 2957 2673 3030 concessi-

419 3094 565 3142 mus
607 3066 953 3142 ecclesiam
995 3072 1072 3142 de
1110 3068 1285 3143 Naim
1329 3069 1469 3142 sine
1533 3071 1762 3142 sinodo
1838 3084 1902 3142 et
1977 3073 2228 3142 circada
2294 3086 2358 3143 et
2422 3075 2666 3164 absque

417 3188 628 3277 aliqua
691 3183 1016 3258 exactione
1081 3183 1391 3278 episcopi,
1472 3185 1933 3271 archidiaconi,
1992 3186 2539 3280 archipresbiteri,
2606 3188 2671 3258 in

419 3302 642 3371 eadem
679 3323 827 3372 vero
871 3300 1161 3372 libertate
1200 3314 1264 3371 et
1302 3299 1514 3392 quiete
1554 3324 1677 3391 qua
1713 3315 1777 3371 et
1803 3301 1924 3374 alie
1954 3301 2229 3372 ecclesie
2258 3325 2383 3393 que
2418 3301 2673 3393 proprie

419 3418 495 3485 ad
537 3429 831 3487 nostrum
874 3413 1219 3507 capitulum
1255 3431 1545 3506 spectare
1577 3414 1872 3486 videntur
1910 3414 2299 3486 consistunt.
2338 3419 2424 3487 Eo
2473 3416 2675 3507 siqui-

421 3528 565 3601 dem
609 3543 837 3600 tenore
876 3528 1322 3601 concessimus
1374 3529 1467 3601 eis
1506 3533 1807 3621 prefatam
1869 3527 2208 3600 ecclesiam
2277 3542 2344 3599 ut
2396 3528 2669 3620 singulis

424 3641 609 3714 annis
646 3658 873 3715 octavo
943 3644 1045 3715 die
1083 3658 1231 3715 ante
1297 3642 1745 3715 ascensionem
1813 3641 2066 3715 Domini
2131 3642 2385 3733 triginta
2431 3642 2675 3714 solidos

422 3757 897 3830 Aurelianensis
961 3772 1216 3829 monete
1256 3757 1535 3849 capitulo
1577 3762 1810 3828 Sancte
1869 3756 2090 3828 Crucis
2133 3760 2523 3848 persolvant,
2565 3758 2672 3847 qui

422 3871 521 3943 die
557 3871 968 3944 ascensionis
1009 3871 1174 3943 inter
1202 3871 1472 3943 clericos
1511 3875 1585 3942 ad
1626 3871 2109 3963 processionem
2132 3886 2358 3942 euntes
2389 3871 2674 3942 dividan-

426 4000 544 4058 tur.
590 3989 656 4058 Si
699 4012 848 4058 vero
883 4011 1034 4058 casu
1071 3988 1283 4078 aliquo
1350 3986 1751 4079 contingeret
1812 3989 1987 4077 quod
2049 3984 2342 4057 canonici
2405 4009 2671 4057 censum

424 4103 496 4170 ad
540 4100 899 4194 predictum
935 4126 1063 4173 non
1116 4105 1458 4173 redderent
1507 4100 1876 4188 terminum,
1923 4115 2257 4191 utramque
2298 4102 2671 4181 ecelesiam,

426 4212 719 4288 videlicet
759 4218 837 4287 de
872 4215 1198 4288 Firmitate
1238 4230 1299 4287 et
1343 4219 1422 4287 de
1460 4215 1670 4301 Naim,
1728 4239 1802 4287 ex
1860 4229 2045 4307 pacto
2103 4217 2344 4285 tamdiu
2396 4237 2430 4285 a
2462 4213 2673 4285 divino

494 4587 510 4620 ¹
550 4587 627 4642 La
657 4583 1042 4640 confirmation
1073 4599 1175 4655 par
1203 4583 1457 4655 l’eveque
1495 4580 1597 4636 dut
1620 4581 1805 4636 suivre
1850 4580 1918 4633 de
1962 4580 2089 4651 pres
2117 4595 2128 4631 ε
2164 4595 2226 4634 or
2266 4578 2373 4633 elle
2402 4582 2486 4631 est
2513 4576 2672 4631 datee

430 4674 495 4729 de
520 4677 660 4733 1153
684 4672 804 4746 (Ch.
836 4674 1103 4746 LXXIV).
