3485 5571
1746 627 2102 689 -152-

1776 985 2014 1044 Lxxtx
2052 983 2066 1016 ¹

1663 1280 1995 1355 Chartre5‚
2029 1279 2180 1340 1171

798 1548 1174 1619 composition
1221 1557 1379 1604 entre
1422 1550 1808 1606 sainte-croix
1837 1558 1892 1605 et
1936 1551 2184 1622 l'abbaye
2230 1550 2301 1606 de
2329 1553 2612 1606 Bonneval
2661 1568 2737 1607 an
2785 1555 2926 1620 sajet
2975 1552 3046 1604 de

1209 1647 1409 1700 l’achat
1450 1645 1522 1701 de
1549 1647 1818 1702 Vaudran
1847 1652 1902 1702 et
1931 1654 2156 1702 entente
2195 1664 2340 1718 pour
2367 1646 2631 1703 Gaubert.

957 1809 1137 1881 (Orig.
1172 1828 1212 1863 s.
1242 1812 1432 1881 parch.
1465 1812 1634 1866 Areh.
1668 1811 1746 1866 du
1777 1812 1979 1880 Loiret,
2011 1813 2078 1866 G.
2104 1812 2238 1882 3773
2273 1813 2521 1867 mention
2551 1813 2874 1884 scriptun.)

879 2055 948 2122 In
985 2052 1244 2124 nomine
1275 2067 1497 2124 sancte
1572 2068 1636 2123 et
1707 2053 2034 2124 individue
2085 2052 2438 2125 Trinitatis,
2515 2058 2647 2146 Ego
2698 2058 3041 2126 Ilerbertns

795 2169 1328 2259 Bonevall[ensis]
1373 2167 1649 2239 ecclesie
1688 2167 1958 2238 humilis
2011 2169 2305 2239 minister
2369 2184 2706 2260 totumque
2750 2172 3038 2260 ejusdem

790 2280 1067 2351 ecclesie
1126 2280 1477 2372 capitulum
1535 2296 1759 2353 notum
1821 2285 1956 2354 fieri
2018 2285 2317 2353 volumus
2370 2298 2498 2353 tam
2557 2287 2788 2355 luturis
2849 2307 3038 2373 quam

792 2394 1202 2483 presentibus
1264 2397 1433 2464 unde
1492 2394 1826 2467 contentio
1878 2400 2052 2467 inter
2116 2394 2459 2467 ecclesiam
2522 2401 2758 2467 Sancte
2819 2395 3038 2467 Crucis

792 2507 1272 2580 Aurelianensis
1327 2523 1393 2579 et
1426 2510 1769 2580 ecclesiam
1839 2509 2053 2581 Sancti
2115 2509 2461 2580 Florentini
2511 2509 3030 2603 Bonevall[ensis]

789 2635 926 2693 orta
968 2621 1052 2692 sit
1102 2636 1168 2693 et
1218 2621 1488 2711 qualiter
1544 2625 1769 2694 eadem
1822 2623 2155 2695 contentio
2218 2623 2301 2695 sit
2375 2624 2582 2714 sopita
2644 2640 2709 2694 et
2770 2640 3030 2714 utraque

787 2733 1062 2807 ecclesia
1093 2737 1171 2805 ad
1200 2732 1376 2827 pacis
1407 2735 1820 2808 concordiam
1857 2752 2177 2808 revocata.
2244 2736 2524 2828 Contigit
2582 2739 2928 2828 aliquando
2968 2749 3032 2806 ut

786 2872 907 2919 nos
948 2853 1248 2920 monachi
1290 2848 1540 2920 scilicet
1574 2854 2072 2923 Bonevallenses
2095 2850 2503 2922 medietatem
2536 2865 2701 2922 terre
2729 2850 3029 2941 Stephani

787 2962 1137 3047 Berruarii‚
1178 2986 1303 3054 que
1330 2962 1563 3034 dicitur
1592 2966 1670 3035 de
1712 2963 1856 3034 villa
1901 2966 2273 3058 Valdr[en]a
2314 2980 2379 3036 et
2435 2968 2515 3036 de
2577 2968 2765 3036 feodo
2806 2971 3031 3036 Sancte

786 3077 1007 3149 Crucis
1045 3091 1203 3161 erat,
1248 3078 1578 3149 canonicis
1651 3081 1938 3169 ejusdem
2004 3083 2236 3149 Sancte
2304 3078 2524 3149 Crucis
2598 3078 3031 3150 nescientibus

783 3215 1169 3264 emeremus.
1210 3198 1352 3277 Quo
1378 3190 1595 3263 audito
1629 3193 2115 3282 prohibuerunt,
2143 3207 2512 3263 asserentes
2552 3195 2809 3263 lendum
2845 3216 3029 3262 suum

783 3311 1025 3397 absque
1059 3328 1330 3378 assensu
1373 3328 1491 3376 suo
1522 3329 1648 3376 non
1698 3306 1888 3376 licere
1964 3306 2152 3376 nobis
2220 3328 2441 3377 emere
2497 3310 2596 3376 vel
2674 3306 3026 3397 possidere.

784 3424 914 3491 Sub
989 3424 1109 3491 hac
1184 3442 1331 3490 vero
1384 3419 1828 3511 prohibicione
1895 3423 2155 3489 alteram
2207 3419 2614 3490 medietatem
2683 3444 2718 3489 a
2794 3424 3032 3510 prefato

784 3538 1107 3626 Stephano
1139 3534 1471 3605 Berruario
1500 3533 1884 3603 inconsultis
1926 3533 2229 3624 predictis
2269 3532 2525 3605 clericis
2564 3533 2843 3604 emimus
2867 3534 3031 3604 sicut

782 3665 846 3721 et
885 3651 1180 3740 primam.
1224 3650 1409 3733 Quod
1473 3670 1622 3718 cum
1651 3647 2014 3728 audissent,
2065 3670 2215 3738 egre
2267 3650 2549 3719 ferentes
2591 3663 3031 3718 convenerunt

854 4010 869 4041 ¹
904 4009 986 4063 Cr.
1020 4006 1121 4063 Ch.
1154 4008 1279 4062 xlv
1308 4006 1384 4062 du
1413 4006 1720 4061 Gartulaire
1750 4004 2041 4058 ci-dessus.
2075 4002 2212 4057 Bien
2241 4019 2352 4073 que
2382 4018 2596 4070 conque
2625 4019 2869 4074 presque
2895 4004 3034 4058 dans

783 4098 882 4153 des
939 4104 1145 4152 termes
1217 4096 1533 4167 identiques
1584 4097 1615 4150 a
1687 4101 1829 4149 cette
1876 4094 2155 4159 dernier-e,
2231 4099 2389 4147 notre
2440 4092 2630 4148 charte
2688 4093 2914 4149 LXXIX
2951 4099 3034 4148 est

783 4187 1008 4261 publiee
1045 4186 1470 4257 integralement
1519 4202 1684 4257 parce
1706 4184 1912 4257 qu'elle
1961 4182 2283 4252 corrobore,
2333 4184 2496 4254 apres
2545 4184 2598 4237 la
2645 4184 2839 4237 charte
2886 4184 3032 4253 XIV,

781 4279 1099 4333 l'existence
1129 4277 1197 4331 de
1227 4274 1404 4330 l’abbe
1448 4276 1517 4330 de
1547 4275 1832 4330 Bonneval
1882 4274 2139 4341 Herbert‚
2187 4273 2467 4344 revoquee
2514 4288 2585 4327 en
2615 4271 2783 4326 doute
2831 4288 2934 4343 par
2984 4273 3037 4328 le

786 4368 981 4423 Gallia
1008 4370 1069 4434 (t.
1102 4366 1249 4435 VIII,
1282 4365 1387 4419 col.
1426 4365 1587 4436 1243)
1637 4370 1689 4418 et
1721 4380 1819 4433 par
1849 4365 1990 4418 Dom
2036 4365 2288 4420 Thiroux
2318 4371 2372 4417 et
2401 4364 2544 4418 Dom
2576 4361 2861 4431 Lambert‚
2894 4362 3033 4417 dans

782 4459 908 4512 leur
959 4456 1205 4513 Histoire
1252 4454 1495 4524 abreyee
1551 4454 1621 4508 de
1670 4454 1927 4524 l’abbaye
1968 4455 2039 4509 de
2078 4451 2577 4508 Saitae-Florentia
2619 4451 2690 4505 de
2742 4452 3031 4507 Bonneval

784 4547 895 4613 (ed.
927 4546 1106 4616 Bigot,
1164 4544 1550 4611 Chaleaudun,
1583 4542 1778 4612 1876),
1837 4559 1895 4614 p.
1957 4544 2048 4599 74.
2109 4544 2348 4598 Herbert
2394 4540 2570 4613 prend
2626 4541 3032 4596 certainement

785 4638 939 4708 place
968 4641 1125 4690 entre
1151 4636 1381 4705 Hugues
1410 4640 1464 4688 et
1492 4633 1778 4689 Chretien.
