3485 5571
1790 638 2149 705 -426-

1800 1019 2135 1082 CCCXVIII

1738 1323 1819 1386 24
1860 1340 2040 1387 mars
2083 1323 2267 1417 1264*

852 1586 930 1641 Le
966 1590 1151 1642 comto
1180 1584 1250 1640 de
1295 1584 1444 1641 Blois
1484 1600 1716 1639 nomme
1752 1584 1891 1639 Jean
1922 1583 2215 1639 Charruau
2240 1588 2295 1638 et
2332 1580 2522 1637 Andre
2559 1580 2628 1636 de
2671 1578 2959 1637 saint-Die
3005 1597 3089 1635 ses

925 1698 1270 1753 procureurs
1324 1681 1463 1737 dans
1508 1682 1561 1736 le
1592 1680 1934 1752 compromis
1992 1679 2174 1735 relatis
2218 1680 2250 1734 a
2285 1678 2340 1734 la
2370 1678 2575 1749 justice
2629 1677 2698 1733 de
2728 1678 3088 1733 Nouan-sur-

918 1780 1100 1835 Loire.

1299 1902 1483 1975 (Orig.
1516 1919 1564 1958 3.
1596 1901 1789 1974 parch.
1826 1901 1999 1957 Arch.
2033 1900 2107 1956 du
2131 1900 2344 1971 Loiret,
2375 1902 2440 1957 G.
2471 1900 2621 1968 356).

941 2133 1262 2207 Universis
1301 2146 1637 2225 presentes
1673 2132 1915 2205 litteras
1947 2133 2337 2226 inspecturis
2373 2138 2700 2207 lohannes
2738 2137 2819 2206 de
2859 2139 3090 2207 Castel-

850 2249 1047 2331 lione‚
1092 2271 1311 2321 comes
1367 2248 1719 2333 Blesensis‚
1775 2252 2045 2320 salutem
2092 2248 2154 2319 in
2216 2249 2514 2320 Domino.
2571 2252 2886 2321 Noveritts
2926 2254 3091 2342 quod

819 2347 968 2435 'nos
999 2363 1061 2433 in
1104 2387 1295 2435 causa
1335 2385 1447 2435 seu
1490 2366 1553 2433 in
1595 2362 1808 2434 causis
1836 2387 2026 2454 quam
2069 2367 2163 2435 vel
2202 2387 2362 2456 quas
2398 2367 2709 2436 habemus
2748 2364 2915 2436 inter
2945 2388 3083 2448 663,

849 2501 921 2549 ex
964 2501 1085 2548 una
1145 2491 1346 2569 parte,
1416 2492 1480 2549 et
1553 2479 1953 2549 venerabiles
2006 2478 2173 2549 viros
2225 2481 2539 2549 decanum
2614 2494 2679 2550 et
2743 2481 3090 2571 capitulum

852 2597 1083 2664 Sancte
1125 2593 1347 2664 Crucis
1373 2592 1846 2665 Aurelianensis
1882 2616 2097 2664 eoram
2152 2593 2626 2665 venerabilibus
2662 2596 2818 2664 viris
2864 2598 3089 2665 archi-

850 2705 1124 2778 diacono
1156 2708 1468 2778 Drocensi
1527 2706 1591 2776 in
1642 2708 1916 2779 ecclesia
1970 2710 2351 2779 Carnotensi
2406 2721 2470 2779 et
2534 2711 2780 2780 decano
2827 2711 3080 2801 Magdu-

850 2825 1064 2908 nensi,
1104 2821 1581 2894 Aurelianensis
1620 2822 1942 2914 dyocesiS‚
1987 2825 2065 2894 ab
2105 2836 2374 2914 utraque
2428 2836 2606 2914 parte
2663 2847 2857 2915 super
2899 2823 3087 2895 dictis

848 2939 1063 3008 causis
1102 2951 1163 3008 et
1199 2937 1734 3008 contencionibus
1758 2937 1937 3009 factis
1977 2937 2364 3009 unanimiter
2381 2937 2635 3009 arbitris
2673 2938 2925 3022 electiS,
2960 2961 3089 3008 ma-

850 3050 1118 3142 gistrum
1145 3055 1502 3122 lohannem
1540 3054 1863 3122 Charruau
1912 3064 1977 3122 et
2006 3054 2321 3123 Andream
2380 3055 2460 3123 de
2500 3057 2734 3124 Sancto
2772 3055 3084 3136 Deodato,

850 3165 1119 3237 clericos
1147 3179 1430 3249 nostroS‚
1460 3179 1523 3236 et
1563 3164 1914 3256 quemlibet
1939 3188 2162 3237 eorum
2203 3164 2269 3236 in
2310 3165 2617 3254 solidum,
2651 3166 2735 3237 ita
2757 3169 2929 3258 quod
2964 3189 3091 3239 non

851 3283 937 3352 sit
963 3279 1187 3351 melior
1212 3279 1506 3351 condicio
1536 3281 1943 3369 occupantiS,
1984 3294 2432 3371 procuratores
2463 3293 2721 3352 nostros
2752 3281 3092 3353 constitui·

853 3419 1022 3477 muS‚
1062 3394 1329 3465 facimus
1369 3409 1433 3465 et
1462 3397 1867 3481 ordinamus,
1918 3397 2144 3466 dantes
2212 3395 2457 3468 eisdem
2520 3409 2584 3467 et
2639 3394 2820 3467 alteri
2872 3419 3091 3468 eorum

850 3523 1235 3601 potestatem
1266 3523 1330 3579 et
1357 3509 1636 3599 speciale
1664 3512 2033 3581 mandatum
2051 3513 2304 3602 agendi,
2323 3510 2732 3596 defendendi,
2743 3511 3001 3601 jurandi
3026 3510 3087 3580 in

851 3622 1127 3694 animam
1179 3636 1462 3694 nostram
1525 3626 1604 3694 de
1667 3626 2027 3715 calumpnia
2078 3647 2192 3695 seu
2242 3628 2321 3695 de
2375 3625 2661 3708 veritate,
2697 3624 2978 3715 ponendi
3032 3637 3094 3696 et

855 3737 1279 3830 petitionibus
1319 3738 1781 3829 respondendi,
1819 3753 1880 3809 et
1906 3738 2177 3810 faciendi
2241 3737 2305 3808 in
2367 3738 2557 3810 dictis
2583 3739 2799 3810 causis
2854 3763 2975 3811 seu
3030 3739 3093 3809 in

852 3851 1043 3924 dictis
1073 3850 1525 3923 controversiis
1565 3875 1781 3923 coram
1820 3851 2007 3924 dictis
2051 3852 2309 3924 arbitris
2352 3853 2610 3925 nomine
2650 3867 2873 3926 nostro
2900 3856 3088 3945 quic-

854 3965 1004 4057 quid
1038 3969 1393 4037 saceremus
1434 3989 1547 4037 seu
1602 3969 1810 4038 lacere
1866 3989 2203 4057 possemus
2259 3969 2317 4039 si
2368 3982 2701 4059 presentes
2770 3991 3091 4057 essemus,

858 4093 1064 4150 ratum
1102 4092 1166 4150 et
1191 4093 1435 4170 gratum
1479 4083 1793 4152 babentes
1832 4095 1894 4152 et
1931 4081 2211 4152 habituri
2250 4080 2555 4173 quicquid
2581 4082 2646 4152 in
2671 4081 2860 4153 dictis
2879 4082 3091 4154 causis

863 4217 979 4265 seu
1030 4193 1488 4264 controversiis
1562 4217 1678 4286 per
1745 4193 1953 4266 dictos
2015 4210 2460 4286 procuratores
2500 4219 2615 4268 seu
2676 4221 2793 4289 per
2827 4200 3095 4269 alterum

855 4330 1077 4380 eorum
1110 4321 1320 4377 actum
1363 4307 1553 4378 luerit
1588 4322 1713 4379 tam
1757 4333 1870 4400 pro
1932 4310 2121 4381 nobis
2177 4334 2368 4401 quam
2416 4323 2637 4382 contra
2703 4334 2822 4382 nos
2881 4335 3092 4383 coram

857 4421 1046 4493 dictis
1105 4421 1359 4493 arbitris
1392 4446 1506 4494 seu
1536 4426 1730 4494 etiam
1768 4437 2202 4515 procuratum,
2275 4425 2722 4516 promittentes
2788 4428 2908 4497 sub
2945 4450 3091 4518 ypo-

861 4540 1044 4607 theca
1077 4560 1292 4608 rerum
1332 4551 1694 4608 nostrarum
1723 4562 1838 4630 pro
1886 4538 2076 4610 dictis
2108 4540 2631 4632 procuratoribus
2683 4564 2796 4612 seu
2841 4565 2954 4633 pro
3003 4545 3087 4612 al-

862 4665 997 4722 tero
1038 4673 1259 4723 eorum
1310 4651 1363 4722 si
1441 4672 1710 4725 necesse
1766 4650 1953 4725 suerit
2003 4654 2359 4745 Judicatum
2428 4657 2614 4728 solvi.
2691 4655 3089 4728 Ratificamus
