3485 5571
1428 592 1746 655 ...77-

463 745 573 794 sua
611 719 972 813 gratissima
1012 719 1244 811 pietate
1274 719 1723 804 conservandi,
1766 742 2016 791 necnon
2070 734 2134 792 et
2196 744 2309 813 pro
2350 717 2707 792 rectoribus

460 835 774 916 ecclesiae,
831 837 1014 926 cujus
1045 837 1186 906 loco
1225 848 1290 904 et
1329 838 1519 905 rebus
1560 848 1845 917 utuntur,
1885 833 2118 925 jugiter
2159 833 2434 904 divinam
2479 833 2705 926 implo-

458 965 596 1022 rent
627 949 1158 1022 misericordiam.
1204 952 1328 1021 Sed
1361 948 1413 1020 si
1450 961 1467 994 ¹
1515 948 1834 1041 quispiam
1893 951 2292 1040 praelatorum
2337 964 2705 1020 memoratae

458 1064 630 1135 sedis
657 1067 985 1156 praefatam
1012 1062 1543 1135 constitutionem
1586 1077 1807 1133 contra
1851 1065 2017 1132 banc
2078 1077 2358 1134 nostram
2427 1086 2707 1154 praeccp·

457 1178 691 1250 tionem
733 1180 1204 1269 quodammodo
1245 1179 1484 1248 irritam
1523 1181 1731 1249 facere
1769 1200 1844 1248 ac
1875 1176 2130 1269 penitus
2190 1179 2550 1248 convellere
2603 1201 2705 1249 vo-

456 1292 667 1376 luerit,
703 1271 996 1363 voluinus
1034 1304 1224 1383 atque
1257 1290 1671 1363 decernimus
1695 1306 1763 1362 ut
1803 1314 1907 1362 res
1935 1295 2013 1362 ad
2057 1290 2358 1361 noticiam
2403 1291 2702 1363 Senonici

456 1405 882 1497 metropolitae
913 1409 1268 1498 perferatur
1305 1430 1320 1474 ε
1365 1409 1671 1497 quatinus
1697 1403 1779 1488 is,
1809 1403 2112 1476 adhibitis
2155 1429 2288 1476 suae
2324 1404 2705 1477 dioceseos²

451 1519 870 1610 suffraganeis
908 1518 1257 1612 episcopm,
1300 1519 1468 1591 idem
1512 1518 1839 1610 negotium
1889 1517 2177 1611 diligenti
2219 1518 2517 1610 indagine
2573 1519 2703 1589 dis-

451 1636 649 1707 cutiat
688 1650 751 1706 et
777 1635 1075 1726 corrigat,
1115 1650 1180 1705 et
1232 1637 1309 1705 ad
1366 1650 1601 1706 statum
1659 1635 2028 1726 pristinum,
2096 1638 2266 1707 salva
2335 1651 2704 1708 memoratae

451 1748 627 1820 sedis
666 1748 972 1839 dignitate
1006 1772 1081 1820 ac
1123 1762 1463 1840 potestate,
1507 1772 1805 1821 revocare
1846 1763 2166 1841 procuret.
2220 1754 2414 1820 Porro
2454 1750 2507 1820 si
2549 1773 2702 1822 con-

452 1862 712 1955 tigerit³
761 1862 933 1934 idem
987 1863 1327 1955 negocium
1381 1878 1639 1955 propter
1677 1862 1952 1955 aliquam
1995 1862 2094 1934 sui
2138 1863 2581 1936 difficultatem
2622 1867 2701 1934 ab

448 1999 524 2048 eo
551 1976 816 2047 minime
847 2000 1038 2069 posse
1078 1976 1407 2061 diffiniri⁴,
1450 1980 1745 2049 volumus
1773 1992 1841 2047 ut
1873 1981 2013 2069 ejus
2051 1981 2252 2049 relatu
2284 1993 2520 2050 nostris
2560 2003 2702 2051 suc-

451 2113 914 2182 cessorumque
958 2105 1322 2162 nostrorum
1372 2091 1631 2162 auribus
1682 2114 1786 2162 res
1844 2091 2248 2162 innotescat:
2307 2092 2600 2164 videlicet
2634 2109 2700 2163 ut

448 2219 688 2276 nostrae
727 2204 1123 2276 auctoritatis
1155 2204 1488 2277 sanctione
1547 2205 1611 2275 in
1665 2205 1945 2296 generali
1992 2220 2313 2276 conventu
2354 2206 2699 2299 episcopo-

446 2342 583 2390 rum
630 2323 819 2411 hujus
857 2318 1337 2392 constitutionis
1397 2323 1742 2391 convulsor
1797 2321 2178 2413 corripiatur
2217 2334 2280 2392 et
2317 2322 2693 2412 corrigatur,

449 2449 515 2504 nt
557 2457 784 2506 eorum
817 2433 1051 2505 salubri
1087 2433 1331 2525 judicio
1373 2449 1720 2506 memorata
1754 2434 2128 2506 constitutio
2178 2433 2521 2527 pristinum
2570 2450 2697 2507 sta-

443 2561 548 2620 tus
589 2548 690 2620 sui
724 2571 1100 2640 recuperare
1127 2550 1328 2620 valeat
1361 2548 1666 2640 vigorem.
1696 2551 1933 2620 Praesul
1967 2548 2284 2640 siquidem
2329 2566 2696 2621 memoratae

443 2661 745 2734 ccclesiae
785 2685 1193 2753 summopere
1232 2662 1559 2754 provideat
1613 2676 1681 2733 ut
1711 2662 2010 2734 monachi
2040 2662 2241 2755 ipsius
2280 2668 2459 2735 cellae
2502 2668 2696 2735 rebus

444 2791 818 2875 memorata}
861 2778 1082 2849 matris
1146 2776 1441 2849 ecclcsiae
1477 2776 1721 2861 donati,
1789 2776 2131 2870 ociumque
2178 2794 2416 2850 sanctae
2462 2777 2696 2870 quietis

444 2914 556 2981 per
586 2905 1011 2963 memoratum
1078 2890 1475 2983 privilegium
1545 2906 1607 2963 et
1660 2896 1827 2963 banc
1900 2907 2184 2963 nostram
2249 2892 2690 2964 auctoritatem

440 3004 681 3097 adepti,
726 3004 789 3074 in
820 3004 1008 3075 bisin
1040 3008 1278 3096 quibus
1308 3028 1379 3078 se
1418 3011 1553 3078 Deo
1594 3005 2077 3091 devincxerunt‚
2120 3006 2330 3077 divina
2357 3010 2692 3099 adjuvante

378 3122 381 3123 ’
440 3117 666 3209 gratia,
699 3114 1145 3190 inviolabiliter
1185 3134 1643 3211 permaneant;
1687 3119 1772 3191 ita
1814 3121 2108 3191 videlicet
2154 3135 2220 3190 ut
2267 3143 2386 3192 nec
2426 3120 2692 3193 interius

440 3255 472 3302 a
505 3256 629 3303 suo
671 3236 1003 3324 proposito
1032 3233 1309 3318 deviare,
1344 3257 1463 3306 nec
1503 3233 1782 3306 exterius
1823 3256 1926 3305 res
1956 3233 2074 3305 sibi
2106 3236 2425 3325 deputatae
2466 3258 2690 3306 corum

440 3345 782 3417 insolentia
813 3361 920 3416 ant
950 3346 1190 3417 incuria
1219 3370 1478 3438 quoquo
1511 3350 1701 3418 modo
1725 3347 1958 3438 negligi
1984 3362 2090 3418 aut
2122 3347 2362 3439 subripi
2394 3347 2640 3440 possint
2667 3374 2684 3433 ;

438 3462 548 3530 sed
587 3458 909 3542 ecclesiae,
942 3463 1126 3551 cujus
1174 3464 1314 3532 loco
1349 3475 1412 3532 et
1440 3464 1631 3532 rebus
1670 3475 1961 3544 utuntur,
2027 3460 2090 3530 in
2149 3460 2450 3532 omnibus
2497 3464 2688 3533 fidem

437 3589 500 3645 et
571 3575 879 3647 humilem
941 3590 1532 3668 congruentemque
1600 3578 2100 3667 subjectionem,
2169 3576 2335 3647 sicut
2394 3580 2578 3648 decet
2625 3593 2688 3648 et

437 3704 717 3781 oportet,
762 3713 1016 3762 servare
1044 3690 1477 3775 meminerint,
1513 3714 1632 3762 nec
1673 3714 1744 3762 se
1786 3705 2008 3783 putent
2076 3706 2336 3784 propter
2399 3706 2684 3763 nostram

435 3803 884 3875 auctoritatem
928 3827 962 3875 a
1011 3807 1155 3895 jure
1195 3820 1260 3876 et
1314 3819 1630 3897 potestate
1665 3804 1870 3897 ipsius
1909 3808 2207 3877 ecclesiae
2247 3807 2682 3891 substraere⁵‚

435 3931 545 3987 aut
569 3921 831 3990 easdem
873 3941 977 3991 res
1016 3919 1302 4010 qualibet
1340 3919 1812 3991 machinatione
1851 3920 2129 3992 alienare
2171 3944 2385 4013 posse,
2420 3944 2684 4012 praeser-

508 4266 524 4300 ¹
567 4264 719 4337 Spic.
752 4266 812 4322 Si
852 4281 1002 4321 vero.

505 4353 529 4387 ¹
564 4353 721 4424 Spin
761 4354 1086 4409 diaeceseos·

507 4443 531 4478 ³
570 4442 724 4514 Spic.
759 4444 1123 4514 contingeret.

509 4532 532 4566 ⁴
569 4533 717 4604 Spic.
752 4533 992 4589 definiri.

510 4621 533 4656 ⁸
576 4621 725 4695 Spic.
755 4623 1107 4680 subtrahere.
