3485 5571
1419 722 1491 732 -
1537 686 1655 749 327
1700 722 1776 733 -

470 814 676 887 mariti
717 810 903 887 Marie
941 819 1022 888 de
1068 818 1318 900 timeto,
1361 815 1583 887 matris
1623 812 1894 900 Mabille,
1956 814 2172 886 uxoris
2224 813 2536 905 sepedicti
2602 820 2724 885 Ge-

472 924 655 1014 raldi,
699 943 825 1001 tam
886 953 922 1001 a
974 928 1143 1001 dicta
1199 928 1453 1001 Mabilla
1510 942 1700 1019 quam
1762 952 1797 1000 a
1843 940 2043 1000 matre
2095 931 2234 1020 ejus
2292 927 2473 1000 Maria
2529 930 2723 1000 fldem

473 1045 681 1136 recepi
733 1043 995 1116 nomine
1052 1043 1310 1136 capituli
1371 1045 1450 1114 de
1511 1041 1895 1134 supradictis
1963 1042 2228 1115 firmiter
2272 1045 2721 1115 observandis.

471 1156 708 1250 Recepi
759 1160 953 1229 etiam
993 1158 1239 1250 plegios
1280 1155 1573 1230 similiter
1610 1156 1872 1228 nomine
1912 1155 2171 1248 capituli
2226 1161 2458 1229 Sancte
2500 1156 2725 1229 Crucis

471 1274 794 1344 Fert-icum
838 1275 917 1344 de
990 1272 1465 1355 Rubeomonte,
1523 1273 1722 1342 Adam
1789 1266 1869 1342 de
1908 1270 2269 1362 Ligervilla‚
2313 1271 2723 1342 Guillelmum

469 1388 548 1456 de
589 1388 1026 1476 Gaudignia'co
1067 1399 1131 1457 et
1154 1384 1535 1456 Gaulridum
1594 1387 1857 1457 lratrem
1897 1388 2068 1476 ejuS‚
2111 1385 2376 1470 milites,
2441 1404 2719 1477 quorum

469 1501 911 1591 unusquisque
961 1514 1032 1572 se
1084 1498 1421 1572 constituit
1467 1501 1751 1590 plegium
1815 1497 2164 1570 insolidum
2224 1514 2288 1571 et
2347 1522 2460 1590 per
2499 1501 2718 1573 fidem.

472 1612 843 1706 Receptioni
896 1622 1110 1685 autem
1151 1616 1510 1706 pleglorum
1560 1612 2078 1704 supradictorum
2118 1622 2182 1684 et
2238 1613 2383 1686 fidei
2421 1634 2721 1706 corpora·

476 1730 624 1799 liter
662 1728 927 1819 prestite
964 1751 999 1798 a
1028 1728 1217 1799 dictis
1268 1733 1452 1799 Maria
1500 1740 1565 1798 et
1603 1730 1855 1798 Mabilla
1907 1739 2244 1819 presentes
2294 1730 2723 1799 interfuerunt

464 1843 792 1913 lohannes
848 1836 926 1912 de
980 1840 1191 1913 Veteri
1251 1839 1417 1926 vien,
1474 1840 1687 1923 miles,
1739 1853 1804 1911 et
1868 1841 2190 1912 Henricus
2242 1845 2322 1913 de
2350 1844 2720 1926 Torneello‚

470 1955 821 2027 canonicus
872 1955 1090 2027 Sancti
1132 1954 1384 2040 Auiani,
1438 1962 1503 2027 et
1541 1958 1718 2046 Hugo
1760 1958 1840 2026 de
1880 1955 2168 2038 Suriam,
2211 1954 2508 2039 clericuS‚
2555 1960 2721 2027 Gau-

472 2070 673 2142 fridus
737 2073 817 2143 de
858 2070 1318 2164 Gaudigniaco‚
1378 2072 1678 2163 armiger,
1734 2072 2117 2143 Lancelinus
2157 2072 2235 2142 de
2291 2072 2597 2142 Curciaco
2649 2086 2714 2143 et

467 2188 855 2276 Reguaudus
909 2187 990 2258 de
1044 2184 1369 2258 poncello.
1411 2188 1542 2274 Ego
1603 2198 1818 2257 autem
1879 2186 2017 2259 Gilo
2083 2185 2148 2256 in
2207 2185 2717 2277 supradictarum

470 2300 844 2371 memoriam
889 2314 1250 2391 presentem
1294 2302 1592 2391 paginam
1632 2299 2039 2391 appositione
2091 2297 2285 2391 sigilli
2318 2299 2444 2370 mei
2496 2299 2612 2373 leci
2655 2314 2718 2371 et

467 2415 640 2484 volui
682 2412 970 2505 sigillari.
1032 2419 1255 2484 Actum
1303 2415 1470 2504 apud
1517 2416 1836 2500 Alnetum,
1892 2432 2062 2484 anno
2111 2411 2364 2485 Domini
2406 2415 2718 2484 MCCXXX

467 2539 718 2617 quarto,
754 2527 856 2599 ‹lie
883 2529 1106 2599 martis
1140 2540 1290 2599 ante
1330 2525 1794 2599 Ascensionem
1833 2526 2115 2600 Domini.

1445 2911 1756 2973 CCXXXV

1390 3210 1608 3273 Juillet
1638 3209 1796 3273 1234

462 3469 638 3523 Vente
672 3482 744 3521 au
771 3465 1019 3537 chapitre
1048 3481 1151 3536 par
1175 3465 1402 3536 Denise,
1442 3467 1650 3520 femme
1679 3465 1749 3520 de
1779 3465 1952 3522 Denis
1992 3465 2060 3520 de
2087 3466 2138 3519 la
2170 3465 2407 3534 Ronce¹,
2440 3464 2472 3518 tl
2506 3464 2712 3535 charge

535 3562 706 3616 d-'une
731 3566 890 3617 rente
918 3561 1138 3632 viagere
1166 3562 1237 3617 de
1271 3559 1340 3615 12
1380 3560 1545 3616 livres
1576 3561 1799 3633 parisis,
1842 3560 1916 3616 du
1947 3560 2207 3617 domaine
2238 3560 2442 3632 qu’elle
2471 3559 2643 3616 tenait
2679 3559 2712 3615 εὶ

532 3662 833 3718 Auvilliers
861 3662 932 3717 de
962 3677 1065 3718 son
1094 3661 1341 3734 premier
1368 3661 1528 3723 mari,
1563 3660 1813 3716 Mathieu
1840 3659 2216 3717 d’Auvilliers.

928 3809 1106 3880 (Orig.
1132 3825 1178 3865 s.
1211 3808 1403 3879 parch.
1437 3807 1603 3866 Arch.
1638 3807 1712 3862 du
1747 3807 1955 3878 Lon-et,
1991 3808 2056 3863 G.
2091 3807 2242 3882 307).

556 4024 908 4116 Philippus,
965 4024 1080 4096 Dei
1145 4023 1355 4115 gracia
1410 4021 1885 4094 Aurelianensis
1947 4022 2320 4115 episcopm,
2389 4017 2708 4094 universis

467 4153 798 4231 presentes
853 4138 1096 4210 litteras
1153 4137 1542 4229 inspecturis
1596 4140 1866 4208 salutem
1928 4136 1992 4206 in
2041 4136 2341 4208 Domino.
2402 4135 2705 4207 Noverint

466 4252 746 4325 universi
776 4256 947 4345 quod
987 4251 1221 4323 nobilis
1253 4250 1482 4323 mulier
1505 4250 1835 4343 Dyonisia‚
1877 4254 1956 4323 de
1994 4274 2320 4323 consensu
2357 4250 2564 4322 mariti
2606 4249 2706 4320 sui

537 4617 557 4651 ¹
597 4619 684 4673 Au
713 4618 816 4673 dos
852 4634 913 4673 se
943 4617 1005 4673 lit
1034 4635 1046 4670 :
1085 4637 1111 4672 ι
1144 4617 1227 4672 De
1254 4615 1523 4672 dotalicio
1551 4616 1848 4688 Dyom'sie,
1876 4616 2079 4671 uxoris
2107 4615 2370 4689 Dyonisii
2401 4615 2610 4670 militis
2639 4616 2709 4672 dc

472 4715 703 4786 Boneita,
733 4713 836 4770 sito
864 4714 1025 4786 apud
1045 4712 1462 4770 Altumvillare
1497 4713 1723 4768 vendito
1763 4712 2034 4783 capitulo,
2072 4730 2103 4766 ›
