3485 5571
1342 675 1416 685 -
1462 630 1704 703 499-

391 769 546 858 plus
575 769 653 838 de
678 779 928 857 quattre
968 766 1145 857 vingt
1183 764 1376 837 livres
1414 769 1494 837 de
1521 765 1809 837 tournois
1851 768 1932 836 de
1970 765 2204 836 droitte
2234 776 2440 847 rente,
2474 761 2651 834 faitte

385 881 887 972 compensation
928 883 1009 952 de
1040 883 1214 951 l'une
1239 883 1447 951 3111133
1485 903 1519 951 3
1545 882 1819 966 l'aultre‚
1847 882 1928 952 de
1974 893 2110 951 tant
2147 901 2401 951 comme
2435 880 2478 947 il
2510 899 2651 948 sera

385 998 619 1065 trouve
649 1017 774 1086 que
813 992 891 1064 ils
920 1007 1110 1085 ayent
1140 996 1295 1085 plus
1336 996 1476 1077 valu
1502 995 1731 1081 lesdits
1752 996 1998 1086 doyens
2022 1008 2087 1065 et
2110 995 2398 1086 chapitre
2432 1005 2653 1063 seront

387 1119 589 1178 tenus
626 1129 662 1177 3
701 1128 894 1198 payer
933 1121 998 1177 et
1027 1107 1260 1177 rendre
1285 1105 1463 1176 audit
1503 1106 1822 1178 chevalier
1860 1109 2039 1179 selon
2072 1109 2128 1177 13
2163 1109 2370 1177 forme
2397 1108 2481 1176 du
2518 1104 2651 1196 prix

387 1223 735 1312 cydessus.
769 1224 844 1291 Et
881 1243 1074 1311 aussy
1113 1218 1166 1291 si
1214 1218 1256 1289 il
1304 1233 1404 1291 est
1459 1222 1680 1291 trouve
1720 1243 1845 1311 que
1885 1220 1926 1290 il
1966 1219 2152 1291 vaille
2190 1220 2469 1311 moings,
2500 1217 2655 1289 ledit

393 1332 747 1405 chevallier
784 1356 927 1405 sera
992 1347 1146 1404 tenu
1185 1336 1417 1405 rendre
1454 1328 1701 1405 ausdits
1740 1336 1949 1425 doyen
1988 1349 2052 1405 et
2091 1335 2376 1424 chapitre
2414 1354 2489 1404 ce
2528 1355 2654 1422 que

390 1449 435 1517 il
463 1471 619 1518 aura
648 1450 791 1540 plus
817 1470 1008 1519 receu
1040 1450 1123 1519 dn
1158 1448 1291 1539 prix
1318 1450 1549 1519 dessus
1571 1449 1662 1518 dit
1683 1451 1865 1520 selon
1891 1450 1951 1519 la
1979 1448 2265 1519 taxacion
2296 1471 2371 1539 cy
2395 1449 2652 1519 dessus.

393 1565 472 1633 Et
513 1585 549 1633 3
589 1576 795 1653 toutte
825 1564 919 1634 les
959 1564 1194 1633 choses
1229 1561 1634 1635 dessusdites
1673 1566 1801 1633 fust
1850 1576 2149 1654 presente
2178 1585 2260 1633 en
2307 1559 2475 1632 droit
2515 1584 2659 1653 par-

395 1680 639 1748 devant
676 1700 844 1749 nous
893 1678 1083 1748 noble
1142 1678 1329 1748 dame
1383 1678 1674 1748 madame
1709 1680 1953 1749 Jeanne
1993 1699 2071 1753 ,33
2113 1679 2377 1759 semme,
2423 1690 2486 1748 et
2548 1679 2657 1767 luy

395 1793 617 1862 furent
666 1802 908 1862 touttes
951 1794 1045 1862 les
1079 1794 1316 1862 choses
1344 1788 1749 1862 dessusdites
1796 1813 2066 1881 exposez
2098 1790 2571 1882 diligemment‚
2602 1788 2656 1863 si

397 1928 527 1996 que
590 1907 714 1977 elle
761 1906 1061 1977 entendit
1119 1916 1182 1976 et
1241 1918 1394 1996 peut
1445 1906 1788 1991 entendre,
1844 1917 1931 1976 et.
1970 1907 2066 1976 les
2109 1907 2308 1988 voult,
2371 1918 2655 1998 octroya,

397 2018 734 2090 consentit
762 2032 827 2090 et
863 2041 1168 2110 aprouva,
1202 2031 1417 2090 tontes
1457 2021 1793 2090 ensemhle
1832 2032 1895 2090 et
1935 2022 2219 2093 chascun
2262 2042 2376 2112 par
2413 2043 2553 2112 soy,
2596 2034 2661 2092 et

401 2132 613 2224 quitta
652 2135 732 2204 de
771 2155 842 2203 33
880 2135 1096 2204 bonne
1136 2134 1394 2204 volonte
1449 2131 1698 2203 ausdits
1738 2135 1944 2223 doyen
1978 2146 2044 2204 et
2092 2138 2387 2225 chapitre
2423 2146 2565 2206 tout
2603 2137 2662 2206 le

401 2247 614 2335 droict
646 2248 881 2338 qu’elle
910 2248 1081 2321 avoit
1108 2259 1170 2317 et
1211 2245 1470 2338 pouvoit
1507 2245 1682 2317 avoir
1726 2268 1800 2318 es
1839 2249 2074 2319 choses
2109 2246 2513 2320 dessusdites
2551 2271 2665 2342 par

397 2377 745 2433 coustume
775 2384 860 2433 ou
900 2383 1014 2451 par
1037 2358 1206 2430 droit
1237 2383 1319 2430 ou
1352 2383 1466 2451 par
1501 2363 1778 2451 quelque
1817 2369 2000 2431 autre
2028 2383 2221 2434 cause
2239 2364 2472 2453 qu’elle
2510 2363 2661 2447 soit,

397 2490 464 2549 et
508 2474 859 2568 promirent
904 2473 1059 2547 ledit
1100 2476 1444 2546 chevallier
1493 2487 1557 2546 et
1600 2476 1812 2558 dame,
1852 2485 2024 2546 etc...
2068 2476 2450 2567 obligerent‚
2486 2488 2664 2552 etc...

402 2593 480 2663 Et
510 2592 595 2661 de
625 2592 912 2662 chascun
944 2612 1104 2679 pour
1126 2611 1240 2681 soy
1271 2588 1463 2672 tenir,
1486 2591 1715 2680 garder
1738 2602 1804 2663 et
1819 2588 2166 2681 accomplir
2192 2593 2383 2662 noble
2407 2595 2667 2666 homme

404 2709 484 2775 Μ’
545 2705 743 2776 Gilles
802 2705 882 2774 de
931 2702 1244 2788 Ponville,
1300 2702 1670 2789 chevallier,
1710 2706 1949 2775 Robert
2000 2706 2079 2776 de
2117 2704 2442 2798 Brangier²
2497 2707 2668 2778 Guil-

401 2823 619 2912 laume
648 2833 713 2890 et
754 2817 967 2894 Pierre
1006 2818 1129 2888 dits
1165 2821 1390 2900 DoatS,
1433 2819 1737 2890 Estienne
1774 2822 1854 2890 de
1895 2818 2133 2911 Pailly¹,
2178 2833 2243 2892 et
2281 2825 2539 2912 Hugues
2587 2825 2668 2896 de

402 2935 914 3018 Montizamhert‚
969 2932 1246 3015 escuier,
1335 2932 1563 3007 estahli
1638 2958 1722 3005 en
1797 2933 1964 3006 droit
2041 2937 2388 3027 pat-devant
2470 2958 2663 3021 113113,

402 3047 846 3122 s’establirent
886 3049 1107 3140 pleges
1145 3059 1211 3117 et
1251 3043 1619 3137 principaux
1652 3049 1976 3118 vendeure
2015 3059 2161 3117 tous
2213 3049 2548 3119 ensemhle
2604 3062 2667 3119 et

402 3167 695 3240 chascnn
738 3183 900 3253 pour
937 3181 1053 3251 soy
1105 3173 1171 3231 et
1220 3182 1384 3251 pour
1439 3162 1499 3232 le
1556 3173 1694 3231 tout
1741 3183 1970 3232 envers
2034 3162 2261 3233 lesdits
2323 3164 2529 3252 doyen
2601 3176 2667 3233 et

405 3278 764 3368 chapistre,
815 3287 879 3345 et
918 3271 1302 3364 obligerent‚
1345 3284 1517 3344 etc...
1560 3276 1635 3344 Et
1665 3287 2022 3345 renoncent
2061 3274 2286 3346 lesdits
2325 3275 2665 3346 chevallier

406 3404 468 3461 et
509 3412 579 3461 sa
632 3392 888 3469 lemme,
936 3395 1109 3458 etc...
1145 3389 1236 3456 En
1281 3386 1600 3476 tesmoing
1629 3389 1712 3458 de
1754 3390 2023 3477 laquelle
2052 3391 2252 3461 chose
2295 3412 2485 3473 110113,
2522 3412 2556 3460 3
2608 3393 2666 3460 13

404 3509 715 3593 requeste
754 3497 1000 3570 desdits
1047 3500 1389 3570 chevallier
1435 3512 1500 3570 et
1533 3522 1602 3570 sa
1644 3503 1881 3571 femme
1919 3514 1983 3572 et
2017 3502 2131 3571 des
2180 3504 2399 3593 pleges
2430 3503 2663 3575 dessus

406 3637 730 3699 nommez,
780 3636 980 3684 avons
1020 3615 1217 3683 scelle
1252 3635 1363 3684 ces
1395 3627 1694 3704 presente
1733 3617 1954 3685 lettres
1993 3616 2077 3684 du
2119 3618 2249 3686 scel
2290 3617 2371 3686 de
2425 3619 2481 3685 13
2521 3639 2664 3707 pre-

404 3731 587 3801 voste
615 3733 694 3799 de
725 3728 1306 3811 Chasteaulandon,
1340 3749 1417 3798 en
1462 3729 1587 3797 l'an
1614 3728 1695 3798 de
1719 3750 1908 3818 grace
1932 3731 2045 3798 mil
2070 3730 2231 3799 deux
2249 3752 2407 3801 cens
2437 3745 2660 3822 quatre

404 3842 586 3934 vingt
617 3841 811 3926 seize,
854 3843 913 3914 le
962 3843 1180 3931 mardy
1220 3844 1454 3912 devant
1517 3844 1575 3911 13
1627 3839 1806 3911 Saint
1844 3846 2008 3915 Marc
2066 3843 2527 3935 l'evangeliste‚
2576 3870 2660 3917 ou

406 3960 579 4032 mois
605 3956 894 4051 d’apvril.

480 4569 502 4605 ¹
542 4567 712 4624 Frere
735 4568 806 4626 de
825 4568 983 4638 13311,
1014 4573 1071 4625 et
1092 4583 1197 4625 son
1219 4567 1470 4636 bernier,
1498 4568 1580 4623 dit
1609 4569 1768 4626 l'acte
1793 4570 1863 4624 de
1895 4570 2054 4641 1310,
2079 4572 2174 4644 qui
2203 4573 2255 4627 le
2286 4574 2508 4630 declare
2538 4575 2663 4645 ddja

412 4664 585 4717 mort.
