3485 5571
1644 687 1721 696 -
1765 653 1804 714 4
1845 687 1922 696 ..

650 799 686 848 a
750 776 1022 871 posteris
1061 777 1391 861 infirmari,
1442 777 1630 870 sigilli
1671 778 1872 849 nostri
1919 783 2304 861 auctoritate
2342 779 2707 852 confirmari
2751 786 2897 854 sect-

652 914 825 961 mus,

743 1009 811 1075 S.
875 1003 1186 1077 Johannis
1231 1004 1544 1098 episcopi.
1596 1013 1645 1093 †
1688 1011 1753 1077 S.
1801 1006 2104 1099 Stephani
2144 1009 2399 1093 decani,
2452 1013 2520 1079 S.
2579 1009 2900 1082 philiberti

649 1118 1095 1209 praecentoriS‚
1127 1124 1192 1188 S.
1226 1119 1672 1192 Archembaldi
1713 1120 2091 1207 subdecani,
2128 1124 2195 1190 S.
2242 1121 2686 1192 Bartholomaei
2736 1123 2902 1215 capi-

649 1230 834 1303 cerii.
886 1254 894 1261 ·

738 1350 961 1419 Actum
1041 1346 1396 1419 Aurelianis
1467 1347 1744 1432 civitate,
1825 1346 1890 1418 in
1962 1348 2241 1440 capitulo
2318 1354 2570 1421 Sanctae
2644 1348 2888 1430 Crucis,

647 1483 817 1533 anno
885 1460 1194 1533 incarnati
1249 1461 1437 1535 Verbi
1535 1465 1886 1547 MCXXVll,
1974 1476 2283 1554 regnante
2359 1460 2676 1534 Ludovico
2749 1486 2899 1556 rege

648 1597 818 1645 anno
858 1577 985 1644 XVI
1002 1578 1075 1644 ll.

1684 1742 1688 1746 Α
1736 1770 1817 1829 111

1251 1964 1591 2038 BeauvaiS‚
1639 1963 1719 2023 30
1760 1966 2122 2027 novembre
2165 1963 2322 2029 1092

658 2164 965 2238 Foulque8‚
1000 2164 1209 2239 eveque
1239 2165 1308 2222 de
1339 2166 1630 2234 BeauvaiS‚
1664 2166 1876 2224 obtient
1909 2167 1981 2223 de
2024 2167 2290 2224 Lancelin
2327 2168 2377 2222 le
2402 2167 2573 2239 jeune
2603 2166 2901 2222 l'abandon

725 2260 794 2317 de
823 2277 914 2316 ses
942 2262 1290 2333 pretentions
1317 2278 1417 2317 sur
1452 2262 1536 2318 les
1566 2263 1827 2318 hommes
1855 2263 1926 2318 de
1975 2262 2391 2333 sainte-cmlx,
2429 2279 2573 2334 pour
2601 2262 2902 2335 lesquelles

719 2372 826 2414 son
857 2359 990 2430 pere
1024 2357 1289 2414 Lancelin
1319 2359 1462 2413 avait
1490 2358 1619 2430 deja
1645 2358 1744 2414 fait
1774 2359 2011 2415 amende
2033 2360 2362 2416 honorable.

1352 2514 1355 2517 '
1398 2503 1594 2576 (Copie
1623 2504 1694 2560 de
1724 2505 1947 2577 Baluze,
1979 2522 2031 2577 p.
2064 2507 2143 2571 1.)

741 2724 807 2791 ln
874 2722 1133 2794 nomine
1186 2721 1389 2796 Patris
1444 2738 1509 2797 et
1558 2723 1691 2795 Filii
1746 2738 1810 2796 et
1864 2721 2141 2815 Spiritus
2188 2722 2416 2795 sancti.
2482 2725 2613 2814 Ego
2679 2724 2897 2806 Falco,

658 2845 897 2902 sanctae
939 2833 1347 2904 Belvacensis
1388 2835 1682 2907 ecclesiae
1722 2834 2093 2927 episcopus,
2137 2850 2357 2906 notum
2400 2834 2562 2906 facio
2602 2833 2900 2906 omnibus

655 2959 780 3015 tam
823 2945 1053 3016 futuris
1090 2971 1278 3037 quam
1334 2953 1787 3038 praesentibus,
1824 2952 1996 3040 quod
2039 2947 2456 3021 Lanscelinus
2495 2947 2900 3020 Belvacensis

651 3057 887 3150 injuste
925 3058 1153 3131 invasit
1192 3063 1550 3137 custodiam
1593 3067 1672 3135 de
1712 3062 2081 3135 hominibus
2134 3068 2382 3134 Sanctae
2423 3061 2645 3134 Crucis
2705 3068 2899 3133 Aure-

653 3173 958 3254 lianensis
997 3174 1104 3265 qui
1148 3191 1477 3248 morantur
1516 3177 1579 3247 in
1608 3176 1981 3270 episcopatu
2016 3177 2407 3249 Belvacensi.
2438 3181 2589 3248 Post
2630 3179 2899 3247 multum

654 3287 983 3378 temporis,
1076 3288 1447 3380 paeuitentia
1516 3294 1770 3378 ductus,
1842 3291 2011 3364 venit
2053 3286 2435 3363 'Aurelianis
2496 3304 2644 3363 ante
2706 3294 2900 3361 altare

653 3406 901 3472 Sanctae
942 3402 1194 3488 CruciS,
1240 3418 1304 3476 et
1344 3403 1406 3474 in
1453 3406 1793 3497 praesentia
1822 3405 2278 3477 canonicorum
2320 3404 2677 3477 custodiam
2712 3427 2899 3495 quam

651 3530 1069 3606 usurpaverat
1132 3515 1371 3588 dimisit
1438 3543 1549 3611 per
1607 3518 1849 3611 lignum
1906 3522 2178 3591 buxeum
2219 3522 2388 3610 quod
2453 3541 2647 3610 super
2706 3522 2900 3588 altare

652 3629 888 3719 posuit,
954 3653 1067 3722 pro
1110 3629 1235 3702 isto
1275 3634 1611 3703 malefacto
1680 3632 1930 3704 veniam
1991 3632 2360 3724 postulavit,
2426 3629 2899 3704 absolutionem

649 3742 1027 3832 promeruit,
1064 3758 1121 3815 et
1169 3768 1284 3836 pro
1326 3745 1639 3818 malelacti
1679 3746 2129 3818 emendatione
2179 3750 2335 3818 XXX
2375 3744 2619 3818 solidos
2668 3749 2798 3817 Deo
2835 3756 2902 3815 et

648 3859 898 3926 Sanctae
940 3857 1123 3930 Cruci
1164 3881 1236 3931 se
1288 3860 1581 3930 daturum
1637 3859 2011 3952 spopondit,
2063 3875 2128 3931 et
2185 3863 2519 3931 Radulsum
2566 3863 2903 3929 Belvacen-

647 3993 809 4053 sem,
853 3974 1181 4061 quondam
1254 3973 1424 4064 regis
1480 3974 1861 4066 dapilerum,
1914 3990 2232 4066 praesente
2296 3973 2594 4060 Guariuo,
2652 3969 2898 4043 Belvaci

650 4086 1020 4176 praeposito,
1054 4089 1496 4179 fidejussorem
1528 4088 1728 4173 dedit,
1771 4105 1836 4161 et
1877 4104 2099 4181 postea
2134 4088 2300 4160 idem
2335 4092 2753 4160 Lanscelinus
2781 4110 2899 4157 eos

652 4199 980 4290 persolvit.
1049 4205 1366 4273 Deluncto
1424 4226 1577 4294 ergo
1628 4203 2035 4286 Lanscelino,
2079 4203 2495 4275 Lanscelinus
2556 4201 2723 4272 filius
2759 4203 2900 4291 ejus

643 4317 977 4403 praelatam
1030 4317 1387 4387 custodiam
1459 4318 1824 4389 reclamavit
1875 4331 1939 4389 et
1986 4337 2292 4409 usurpare
2352 4299 2710 4408 temptavit.
2770 4319 2903 4385 Hoc

641 4426 840 4516 igitur
880 4428 1123 4498 audito,
1170 4434 1519 4517 lohannes,
1587 4430 2076 4503 Aurelianensis
2126 4430 2496 4522 episcopuS,
2552 4433 2632 4500 de
2671 4451 2784 4499 sua
2834 4440 2900 4497 et

635 4544 1103 4613 canonicorum
1141 4559 1315 4633 parte
1356 4544 1573 4616 literas
1605 4546 1795 4618 nohis
1836 4546 2087 4628 direxit,
2143 4545 2436 4616 scribens
2496 4542 2682 4614 nobis
2737 4566 2899 4634 prae-

645 4658 839 4726 fatam
879 4655 1164 4728 defuncti
1211 4658 1599 4743 lanscelini,
1664 4660 1831 4731 sicut
1877 4662 2253 4752 praedictum
2294 4672 2420 4743 est,
2464 4681 2656 4750 super
2696 4656 2900 4728 homi·
