3485 5571
1432 689 1748 752 -87-

1521 992 1645 1052 XLl

1118 1197 1361 1269 LorriS‚
1404 1196 1535 1276 (av.
1579 1197 1616 1259 3
1653 1196 1888 1277 aom')
1918 1198 2074 1259 1130

457 1421 625 1476 Louis
653 1422 731 1475 VI
758 1420 1028 1474 confirme
1066 1418 1622 1474 l'alfranchissement
1651 1418 1721 1473 de
1752 1425 1872 1474 tout
1908 1435 2041 1475 cens
2069 1436 2142 1474 ou
2175 1425 2437 1476 coutume
2478 1422 2712 1477 accorde

529 1526 631 1582 par
659 1511 910 1580 l'eveque
951 1508 1247 1566 d’Orleans
1288 1509 1321 1563 a
1367 1508 1579 1578 Pierre,
1628 1509 1926 1580 chapelain
1970 1514 2025 1564 et
2071 1509 2185 1564 ami
2233 1509 2311 1566 du
2346 1510 2451 1575 roi,
2480 1509 2627 1582 pour
2655 1528 2717 1566 sa

528 1605 769 1675 maison,
801 1605 898 1678 qui
927 1604 1024 1660 fait
1052 1604 1229 1676 partie
1257 1604 1335 1660 du
1362 1605 1576 1674 cloltre,
1600 1611 1654 1661 et
1681 1604 1971 1662 l’autorise
1990 1608 2023 1661 a
2042 1608 2361 1663 construire
2383 1623 2483 1663 sur
2506 1607 2560 1662 le
2586 1623 2716 1663 mur

532 1703 600 1758 de
629 1703 778 1758 ville.

1369 1764 1401 1772 q

463 1871 656 1943 (Copie
686 1871 756 1926 de
784 1872 1008 1941 Baluze,
1040 1886 1097 1942 p.
1150 1870 1239 1925 51.
1272 1900 1343 1910 —
1372 1870 1561 1941 Copie.
1595 1870 1717 1927 Bib.
1752 1872 1878 1928 Nat.
1911 1871 2040 1927 coll.
2073 1873 2323 1939 Moreau,
2365 1889 2422 1945 p.
2453 1871 2523 1926 84
2548 1888 2560 1928 ε
2588 1871 2715 1937 107,

654 1968 874 2039 d’apres
904 1967 957 2023 le
986 1965 1303 2037 cartulaire,
1330 1982 1464 2022 sans
1493 1966 1563 2036 fo,
1595 1982 1729 2022 sous
1759 1968 1812 2023 la
1841 1968 2029 2023 sensae
2058 1968 2186 2023 date
2215 1967 2285 2024 de
2312 1968 2505 2036 1180.)

548 2196 617 2262 ln
650 2189 912 2264 nomine
940 2196 1186 2262 sanctae
1225 2205 1290 2261 et
1328 2188 1670 2268 individuae
1726 2186 2083 2261 Trinitatis.
2150 2193 2280 2282 Ego
2319 2189 2708 2272 Ludovicm,

458 2306 576 2382 Dei
659 2304 858 2397 gratia
928 2327 1036 2378 rex
1103 2308 1514 2382 Francorum.
1598 2302 1918 2380 Omnibus
1988 2316 2114 2374 tam
2211 2302 2437 2375 suturis
2520 2327 2711 2396 quam

457 2418 892 2511 praesentibus
952 2431 1176 2488 notum
1235 2418 1368 2488 lieri
1449 2421 1744 2498 volumus
1795 2416 1940 2507 quia
2009 2422 2259 2502 Petrus,
2341 2422 2714 2510 capellanus

454 2549 681 2605 noster
736 2546 800 2605 et
856 2532 1130 2616 amicuS‚
1179 2530 1584 2624 praesentiam
1645 2545 1928 2602 nostram
1993 2532 2174 2613 adiit,
2250 2536 2581 2624 postulans
2647 2547 2715 2604 ut

454 2650 777 2738 quandam
830 2650 1092 2717 domum
1134 2668 1345 2730 suam,
1410 2669 1599 2735 quam
1656 2644 1795 2736 ipse
1858 2648 2129 2716 babebat
2172 2659 2321 2717 ante
2368 2648 2712 2718 ecclesiam

456 2769 709 2835 Sanctae
760 2761 1008 2843 Crucis,
1052 2783 1235 2831 muro
1266 2759 1543 2831 civitatis
1598 2758 2042 2841 inbaerentem,
2087 2783 2275 2851 quam
2326 2760 2711 2833 venerabilis

453 2883 809 2959 lebannes,
847 2874 1324 2948 Aurelianensis
1351 2873 1725 2965 episeopus,
1770 2873 2094 2944 communi
2137 2897 2411 2945 assensu
2440 2874 2703 2966 capituli

457 2998 713 3063 Sanctae
753 2988 1003 3072 Crucis,
1035 2992 1114 3060 ab
1154 2987 1329 3060 omni
1369 3011 1571 3060 censu
1611 3002 1676 3059 et
1713 2988 2188 3059 consuetudine
2227 2989 2629 3071 liberaverat,
2677 2992 2701 3035 2

456 3103 573 3176 Dei
621 3116 686 3174 et
726 3102 927 3173 nostri
967 3104 1169 3192 gratia
1209 3103 1472 3177 liberam
1528 3123 1676 3171 esse
1716 3103 2249 3175 concederemus.
2297 3104 2492 3192 Cujus
2552 3103 2713 3191 peti·

456 3215 615 3289 tioni
680 3214 1178 3300 satisfacientes,
1238 3229 1564 3287 annuente
1622 3214 1950 3306 Philippo,
2002 3216 2129 3286 filio
2191 3230 2414 3286 nostro
2456 3218 2587 3306 jam
2641 3216 2706 3286 in

456 3354 675 3423 regem
708 3344 1042 3414 coronato,
1087 3332 1345 3402 domum
1375 3329 1546 3399 illam
1584 3342 1711 3399 tam
1747 3329 1867 3421 ipsi
1910 3352 2099 3420 quam
2131 3329 2365 3400 ceteris
2404 3330 2709 3401 omnibus

454 3445 565 3538 qui
606 3457 753 3536 post
810 3443 1019 3535 ipsum
1060 3467 1200 3516 eam
1264 3452 1419 3514 sunt
1476 3442 1777 3528 babituri,
1820 3446 1899 3513 ab
1959 3443 2135 3512 omni
2198 3466 2397 3514 censu
2452 3459 2516 3515 et
2555 3467 2710 3515 con-

456 3562 808 3631 suetudine
837 3559 1101 3629 liberam
1132 3569 1198 3633 et
1225 3555 1506 3647 quietam
1547 3569 1610 3627 et
1648 3559 1909 3627 domum
1962 3560 2223 3628 claustri
2262 3580 2409 3628 esse
2450 3557 2513 3628 in
2563 3581 2709 3649 per·

458 3689 722 3764 petuum
781 3670 1255 3744 concessimus„
1329 3675 1595 3762 insuper
1654 3671 1850 3741 etiam
1912 3670 1976 3739 in
2020 3694 2203 3742 muro
2244 3669 2543 3763 civitatis,
2604 3671 2707 3742 cui

456 3790 692 3865 domus
722 3787 827 3857 illa
856 3786 1154 3876 contigua
1204 3797 1363 3868 erat,
1431 3784 1705 3855 faciendi
1758 3784 2062 3876 quicquid
2106 3788 2324 3869 vellet,
2379 3801 2488 3856 aut
2527 3789 2699 3876 quod

459 3901 582 3989 sibi
642 3915 756 3972 aut
813 3899 1030 3975 domui
1102 3899 1540 3970 necessarium
1598 3898 1945 3980 videretur,
2026 3898 2235 3971 eidem
2321 3914 2705 3991 potestatem

459 4030 651 4107 atque
681 4014 1004 4086 licentiam
1046 4012 1447 4095 donavimus,
1492 4028 1556 4084 et
1612 4014 1915 4084 omnibus
1954 4013 2102 4100 illis,
2144 4015 2250 4105 qui
2304 4026 2449 4105 post
2497 4013 2708 4104 ipsum

459 4152 597 4200 eam
630 4142 784 4201 sunt
813 4127 1113 4199 babituri.
1151 4132 1279 4198 Hoc
1317 4142 1532 4198 autem
1574 4150 1655 4197 ne
1710 4126 2033 4198 oblivione
2089 4141 2311 4220 posset
2364 4127 2558 4199 deleri
2601 4142 2710 4199 aut

460 4265 493 4312 a
532 4242 811 4334 posteris
840 4240 1170 4323 infirmari,
1201 4240 1440 4332 scripto
1489 4240 2111 4325 commendavimus,
2144 4254 2208 4311 et
2265 4240 2460 4330 sigilli
2506 4243 2705 4311 nostri

530 4598 548 4634 ¹
589 4600 664 4654 Le
687 4599 722 4653 3
743 4600 879 4651 aeut
910 4596 1047 4652 1130
1072 4612 1397 4663 commenca
1428 4598 1481 4651 la
1508 4597 1603 4650 23⁰
1630 4598 1812 4652 annee
1840 4598 1916 4652 du
1947 4599 2140 4667 regne.

532 4685 555 4719 ²
591 4688 739 4743 C’est
774 4687 832 4741 la
858 4687 1049 4742 charte
1075 4686 1097 4741 Ι
1126 4686 1204 4745 du
1243 4689 1467 4757 present
1494 4687 1813 4745 cartulaire.
