3485 5571
1397 702 1752 765 -337-

1443 1071 1725 1133 CCXL'IV

1300 1347 1662 1411 Decembre
1712 1345 1872 1411 1236

458 1600 822 1673 Melissande,
849 1600 966 1657 fille
1007 1600 1078 1656 de
1106 1602 1201 1656 fen
1254 1599 1535 1673 Foulqnes
1565 1600 1963 1662 d'Allainville.
2015 1600 2150 1657 cede
2203 1616 2278 1656 an
2327 1598 2580 1673 chapitro
2618 1615 2708 1655 ses

888 1696 1066 1753 droits
1096 1713 1198 1754 sur
1224 1697 1261 1752 3
1290 1713 1423 1753 sous
1448 1696 1517 1752 de
1552 1710 1687 1754 cens
1714 1697 1748 1753 a
1791 1695 2279 1753 villiers-Hartin.

594 1842 781 1915 (Orig.
812 1859 858 1898 s.
877 1843 1082 1915 parch.
1114 1842 1285 1899 Arch.
1321 1841 1398 1898 dn
1425 1842 1638 1913 Loiret‚
1666 1844 1730 1900 G.
1763 1841 1872 1898 374
1901 1860 1918 1913 ;
1944 1842 2194 1899 mention
2229 1840 2576 1914 Scriptum.)

554 2037 874 2108 Omnibus
909 2050 1247 2127 presentes
1272 2034 1515 2108 litteras
1565 2035 1988 2128 inspecturis,
2038 2039 2115 2105 Μ.
2183 2038 2466 2108 decanus
2521 2038 2708 2108 Stan-

459 2148 711 2241 pensis,
755 2148 818 2219 in
847 2149 1123 2221 Domino
1167 2152 1465 2221 salutem.
1498 2149 1804 2221 Noverint
1833 2148 2119 2221 universi
2154 2151 2324 2241 quod
2393 2147 2711 2220 Milissan-

457 2262 585 2351 dis,
632 2265 952 2354 qnondam
996 2265 1122 2335 filia
1163 2261 1460 2335 Fulconis
1510 2266 1591 2334 de
1642 2262 1998 2349 Aleinvilla,
2067 2260 2310 2350 militis,
2375 2261 2439 2333 in
2490 2276 2709 2337 nostra

459 2379 788 2472 presentia
829 2376 1201 2462 constituta,
1231 2375 1532 2469 quicquid
1552 2380 1721 2471 juris
1747 2379 2020 2449 babebat
2051 2400 2167 2449 sen
2193 2380 2431 2448 habere
2463 2391 2710 2470 poterat

458 2512 852 2581 quocunque
875 2492 1047 2581 jure,
1089 2487 1154 2561 in
1196 2491 1402 2561 tribus
1441 2488 1665 2561 solidis
1687 2492 2104 2562 censualibus
2129 2488 2238 2581 qui
2277 2492 2358 2562 de
2385 2491 2709 2563 territorio

458 2605 540 2675 de
580 2602 1031 2676 Villermartini
1073 2606 1497 2688 debebantur,
1540 2604 1786 2676 decano
1814 2615 1877 2674 et
1916 2602 2196 2695 capitulo
2236 2602 2709 2676 Aurelianensi-

456 2721 585 2791 bus
624 2716 894 2791 contulit
942 2731 1005 2791 et
1042 2716 1306 2811 quitavit
1371 2717 1434 2789 in
1490 2731 1873 2811 perpetuum
1915 2720 2179 2811 pacifice
2217 2717 2706 2812 possidendum,

457 2836 587 2905 fide
625 2831 936 2925 corporali
980 2831 1241 2924 prestita
1282 2833 1661 2924 promittens
1693 2835 1866 2924 quod
1905 2832 1969 2903 in
2011 2832 2204 2904 dictis
2243 2831 2447 2904 tribus
2486 2834 2710 2906 solidis

458 2970 578 3040 per
617 2969 689 3018 se
728 2951 822 3019 vel
846 2951 977 3039 ‘per
1014 2946 1176 3019 alios
1214 2946 1411 3019 nichil
1448 2948 1750 3019 decetero
1789 2950 2189 3034 reclamaret,
2244 2947 2442 3020 immo
2489 2962 2712 3020 contra

456 3065 819 3134 coheredes
858 3085 1013 3133 suos
1061 3060 1366 3155 predictis
1406 3064 1649 3133 decano
1702 3075 1770 3132 et
1818 3059 2096 3153 capitulo
2146 3061 2711 3135 Aurelianensibus

455 3178 806 3269 garentiet.
848 3174 1147 3248 Promisit
1183 3175 1376 3249 etiam
1411 3175 1578 3247 dicta
1615 3175 2000 3248 Milissandis
2026 3178 2198 3267 quod
2225 3176 2387 3250 infra
2417 3200 2709 3250 mensem

458 3305 810 3385 postquam
858 3290 1048 3363 suerit
1077 3291 1363 3363 maritata
1404 3304 1469 3365 et
1502 3291 1689 3364 fuerit
1727 3291 2033 3382 requisita
2077 3316 2116 3364 a
2164 3291 2338 3365 dicto
2402 3292 2708 3386 capitu10,

455 3429 493 3478 a
532 3405 768 3478 marito
808 3429 926 3478 suo
966 3410 1089 3477 hoc
1126 3406 1295 3478 idem
1335 3407 1628 3493 concedi,
1688 3405 1931 3478 laudari
1972 3405 2160 3479 faciet
2226 3422 2290 3479 et
2320 3406 2575 3498 quitari.
2615 3412 2710 3481 De

454 3520 589 3591 biis
630 3533 843 3592 autem
893 3543 1019 3611 que
1072 3520 1368 3613 superius
1407 3533 1560 3593 sunt
1597 3543 1901 3612 expressa
1962 3520 2263 3593 tenendis
2323 3536 2387 3594 et
2445 3521 2713 3595 tirmiter

456 3635 885 3710 observandis
921 3658 1071 3728 erga
1111 3636 1318 3708 dictos
1358 3638 1671 3707 decanum
1706 3648 1769 3708 et
1800 3634 2152 3728 capitulum
2193 3637 2708 3723 Aurelianenses,

458 3774 581 3845 per
613 3753 807 3822 fidem
839 3774 1023 3822 suam
1059 3751 1124 3823 in
1166 3774 1354 3822 manu
1397 3765 1612 3841 nostra
1645 3754 1983 3843 prestitam
2029 3755 2207 3843 Hugo
2250 3755 2330 3824 de
2387 3756 2713 3838 montane,

455 3864 679 3950 miles,
735 3866 1062 3937 lohannes
1107 3869 1186 3937 de
1225 3865 1579 3950 Aleinvilla‚
1625 3867 1817 3937 frater
1867 3864 2038 3937 dicte
2106 3865 2516 3952 Milissandis,
2594 3871 2715 3938 sub

460 4003 636 4073 pena
667 3978 886 4071 viginti
914 3978 1219 4050 librarum
1260 3977 1714 4072 parisiensium
1748 3979 1939 4072 plegii
1997 3978 2363 4053 extiterunt.
2423 3986 2491 4052 ln
2533 3984 2716 4075 cujus

457 4091 554 4166 rei
593 4093 966 4165 memoriam
1008 4108 1073 4167 et
1104 4091 1545 4166 textimonium
1582 4107 1919 4187 presentes
1962 4093 2212 4169 litteras
2237 4099 2316 4167 ad
2339 4095 2717 4188 petitionem

460 4210 795 4280 dictorum
838 4208 1147 4299 Hugonis‚
1212 4211 1526 4280 lobannis
1591 4221 1657 4281 et
1711 4207 2092 4281 Mitissandis
2150 4209 2283 4281 fleri
2341 4210 2613 4282 fecimus
2651 4225 2717 4283 et

463 4321 682 4414 sigillo
713 4336 935 4394 nostro
976 4321 1259 4414 sigillari.
1323 4326 1554 4395 Datum
1617 4346 1790 4396 anno
1845 4322 2106 4395 Domini
2147 4327 2458 4397 MCCXXX
2509 4338 2714 4412 sexto,

462 4460 696 4509 mense
736 4437 1085 4510 decembri.

653 4853 794 4913 unu.
827 4867 955 4912 xxx.
2474 4857 2545 4916 22
