3485 5571
1809 639 2145 702 ‚240-

842 779 1195 839 memorato
1248 765 1601 858 requisitus
1678 768 1915 852 fuerat,
1979 765 2229 837 ballivis
2283 766 2527 837 domini
2585 766 2758 859 regis
2848 768 3095 842 scilicet

841 879 1157 952 Guilelmo
1196 878 1449 952 Manerii
1489 892 1554 950 et
1592 877 1908 952 Guilelmo
1943 882 2023 952 de
2063 882 2318 972 Capella
2377 882 2812 972 presentibus,
2881 906 3096 955 emen·

841 998 988 1066 dam
1018 1017 1133 1086 pro
1170 992 1513 1066 interdicto
1553 993 1742 1065 nobis
1782 995 1850 1064 in
1891 993 2170 1085 capitulo
2198 1007 2422 1066 nostro
2481 994 2754 1081 faciens,
2811 996 3094 1089 fideijus-

841 1132 1023 1180 sores
1065 1130 1270 1200 usque
1335 1109 1416 1179 ad
1474 1107 1893 1200 quadraginta
1940 1107 2132 1180 libras
2191 1108 2579 1200 interposuit
2630 1133 2744 1201 pro
2796 1114 3092 1183 emenda.

839 1227 967 1293 Nos
1007 1221 1224 1314 igitur,
1257 1225 1339 1293 ob
1378 1225 1690 1294 honorem
1730 1236 1796 1294 et
1856 1221 2135 1314 graciam
2191 1222 2364 1314 regie
2420 1225 2798 1316 maiestatis,
2853 1228 3098 1317 prefato

840 1349 1147 1426 quantum
1195 1334 1519 1428 potuimus
1557 1334 1926 1427 peperimus
1983 1335 2317 1420 Reinaldo‚
2353 1336 2575 1428 viginti
2617 1338 2811 1410 libras
2864 1361 2901 1408 a
2966 1361 3099 1430 pre-

843 1462 1061 1520 notata
1101 1450 1374 1520 emenda
1408 1449 1763 1540 capientes,
1805 1451 1884 1520 de
1939 1448 2178 1539 quibus
2227 1472 2261 1520 a
2324 1449 2513 1521 nobis
2572 1464 2672 1521 est
2734 1449 3096 1521 ordinatum

847 1576 1033 1654 prout
1071 1564 1149 1634 ad
1202 1567 1513 1635 honorem
1553 1567 1787 1635 Sancte
1836 1562 2060 1634 Crucis
2121 1565 2398 1635 ecclesie
2449 1563 2846 1637 credidimus
2908 1587 3097 1657 expe-

846 1679 1051 1750 dire¹.

1876 1946 2045 2006 CLV!

1893 2195 2049 2257 1212

848 2424 926 2479 Le
954 2423 1204 2495 chapitre
1232 2424 1302 2478 de
1330 2424 1537 2479 Nevers
1564 2422 1664 2478 fait
1693 2422 1806 2478 don
1835 2439 1909 2478 au
1938 2422 2186 2494 chapitre
2223 2423 2294 2478 de
2323 2423 2704 2479 &tinto-croix
2732 2423 2903 2481 d’une
2949 2425 3098 2496 place

920 2521 1100 2576 situee
1135 2520 1384 2575 derriere
1413 2520 1467 2574 la
1496 2520 1712 2575 maison
1742 2520 1813 2575 de
1847 2518 2227 2576 Sainte-Croix
2252 2520 2285 2574 a
2320 2519 2553 2590 Nevers,
2605 2527 2947 2593 moyennant
2994 2537 3099 2577 une

921 2616 1154 2688 pension
1176 2616 1440 2672 annuelle
1470 2617 1539 2672 de
1566 2617 1602 2672 3
1636 2632 1772 2671 sous
1801 2615 2101 2672 nivernais.

1455 2764 1632 2835 (Orig.
1690 2764 1861 2821 Arcb.
1891 2765 1969 2819 du
1999 2763 2205 2835 Loiret‚
2248 2764 2314 2822 G.
2345 2762 2496 2852 268).

940 2959 1069 3047 Ego
1112 2960 1185 3027 H.
1229 2958 1513 3027 decanus
1560 2969 1624 3026 et
1678 2956 2047 3028 universum
2074 2957 2424 3049 capitulum
2452 2954 2847 3028 Nivernense
2875 2970 3092 3027 notum

850 3071 1120 3144 facimus
1160 3069 1569 3162 presentibus
1608 3085 1672 3141 et
1711 3070 1940 3142 suturis
1965 3094 2111 3152 noS,
2145 3072 2225 3142 ad
2256 3092 2484 3162 preces
2514 3069 2794 3142 virorum
2836 3092 3094 3142 venera·

850 3184 1074 3257 bilium
1106 3184 1404 3256 Fulconis
1442 3184 1667 3256 decani
1700 3198 1765 3256 et
1799 3188 1953 3269 Ade‚
1990 3184 2420 3257 archidiaconi
2453 3184 3087 3278 Aurelianens[ium]‚

850 3322 1061 3372 aream
1102 3301 1445 3391 quandam,
1489 3298 1707 3370 domui
1751 3304 1985 3371 Sancte
2026 3302 2249 3371 Crucis
2288 3298 2410 3371 site
2467 3297 2757 3371 Nivernis
2822 3321 2858 3369 a
2923 3312 3089 3391 parte

849 3413 1186 3507 posteriori
1218 3414 1610 3505 contiguam,
1646 3416 1725 3484 ab
1767 3416 1836 3485 E.
1865 3412 2131 3485 muliere
2156 3416 2221 3483 in
2259 3427 2634 3505 perpetuam
2673 3415 3090 3509 elemosinam

851 3543 1072 3599 nostre
1109 3530 1402 3598 collatam
1448 3526 1752 3611 ecclesie,
1795 3530 1915 3597 sub
1957 3531 2148 3597 trium
2181 3526 2533 3598 solidorum
2574 3539 2835 3598 monete
2883 3526 3091 3598 Niver-

852 3642 1315 3736 nensisannua
1352 3645 1671 3732 pensione
1701 3642 1912 3732 vigilia
1945 3640 2360 3713 Ascensionis
2402 3640 2723 3713 dominice
2751 3640 2940 3713 annis
2972 3643 3091 3711 sol-

853 3758 1202 3828 vendorum
1232 3754 1507 3847 singulis
1545 3767 1609 3828 et
1646 3754 1709 3826 in
1752 3755 1921 3827 dicte
1953 3756 2240 3828 mulieris
2280 3755 2872 3827 distribuendorum
2912 3776 3083 3826 anni-

853 3871 1161 3953 versario,
1202 3868 1638 3942 Aurelianensi
1671 3868 1951 3961 capitulo
1993 3871 2258 3961 pacifice
2284 3868 2738 3961 possidendam
2782 3867 2848 3939 in
2883 3865 3092 3961 perpe·

852 3996 1033 4053 tuum
1064 3984 1496 4053 concessisse.
1536 3985 1603 4051 In
1645 3984 1834 4075 cujus
1872 3981 1963 4053 rei
2003 3983 2447 4054 testimonium
2486 3995 2822 4075 presentes
2858 3981 3090 4052 litteras

855 4095 1044 4187 sigilli
1085 4096 1284 4168 nostri
1326 4111 1648 4168 caractere
1680 4099 1956 4168 fecimus
1994 4099 2385 4171 confirmari.
2430 4103 2657 4169 Actum
2697 4119 2870 4167 anno
2895 4097 3091 4166 incar·

856 4211 1137 4283 nationis
1167 4210 1488 4283 dominice
1529 4210 1874 4282 millesimo
1914 4211 2360 4284 ducentesimo
2399 4210 2812 4285 duodecimo.

929 4481 944 4514 ¹
976 4479 1122 4535 Note
1150 4480 1219 4535 de
1247 4480 1383 4535 dom
1415 4478 1632 4534 Ger-ou:
1669 4501 1696 4531 κ
1733 4480 1820 4535 On
1851 4486 1982 4551 peut
2013 4495 2345 4550 remarquer
2371 4496 2483 4551 que
2515 4481 2566 4535 le
2603 4479 2783 4552 doyen
2813 4487 2866 4536 et
2895 4481 2945 4535 le
2973 4479 3089 4534 cha·

858 4569 1001 4641 pitre
1030 4569 1100 4625 de
1129 4569 1338 4639 l'eglise
1368 4569 1665 4624 d'Orleans
1695 4569 1920 4624 lancent
1950 4585 2027 4624 un
2065 4568 2294 4624 interdit
2318 4569 2394 4625 du
2423 4570 2609 4624 vivant
2636 4568 2709 4626 do
2735 4570 3001 4642 l'oveque,
3027 4566 3090 4622 de

859 4658 1137 4716 l'autorite
1166 4657 1378 4730 duquel
1401 4657 1469 4713 ils
1507 4674 1579 4714 ne
1601 4659 1720 4714 tont
1749 4675 1966 4715 aucune
1995 4658 2267 4726 mention,
2290 4659 2466 4731 ecqui
2494 4658 2673 4731 paroit
2693 4663 3043 4734 surprenant.
3060 4673 3087 4708 ι
