3485 5571
1759 707 1836 718 —
1879 669 2116 736 234—

812 799 943 874 rint
983 800 1264 872 universi
1306 803 1475 889 quod
1516 823 1660 872 cum
1702 801 1874 873 inter
1910 800 2256 893 capitulum
2300 805 2534 875 Sancte
2572 802 2797 873 Crucis
2855 805 3054 874 Aure-

812 914 1145 999 lianensis,
1188 937 1262 987 ex
1304 937 1428 985 una
1486 927 1691 1005 parte,
1752 928 1816 985 et
1875 916 2287 986 Milesendem
2348 917 2428 986 de
2485 915 2623 986 Juis
2671 930 2736 987 et
2789 919 3056 987 heredes

811 1052 993 1114 suos,
1035 1051 1109 1100 ex
1137 1027 1284 1111 alia,
1326 1050 1521 1120 super
1559 1027 1917 1099 redditibus
1956 1042 2125 1101 terre
2177 1052 2293 1101 sue
2341 1030 2422 1100 de
2466 1028 2605 1100 Juis
2670 1028 2778 1121 qui
2836 1042 3055 1121 pastus

809 1157 874 1215 et
911 1142 1273 1215 charteium
1298 1152 1776 1234 nuncupantur,
1819 1165 1984 1234 quos
2011 1144 2292 1214 cultores
2339 1143 2510 1214 iltius
2534 1157 2705 1215 terre
2753 1157 3055 1215 tenentur

809 1257 1139 1329 annuatim
1164 1258 1440 1341 solvere,
1465 1258 1720 1348 questio
1747 1269 2122 1339 verteretur,
2147 1269 2291 1349 post
2318 1259 2586 1349 longuas
2607 1256 3054 1329 altercationes

811 1377 932 1446 sub
991 1378 1114 1445 hac
1173 1377 1372 1445 torma
1442 1372 1976 1465 compositionem
2048 1372 2449 1445 amicabilem
2510 1373 2814 1459 inierunt,
2878 1377 3051 1466 quod

810 1487 1172 1560 Milesendis
1211 1498 1275 1558 et
1315 1486 1583 1579 predicti
1614 1490 1887 1559 heredes
1923 1486 1990 1557 in
2029 1501 2195 1559 terra
2236 1486 2521 1578 jamdicti
2572 1487 2831 1581 capituli
2895 1488 3056 1562 intra

808 1601 1058 1673 instans
1088 1605 1321 1673 festum
1360 1600 1526 1673 beati
1566 1604 1880 1674 Johannis
1936 1600 2271 1673 hostisiam
2334 1614 2739 1686 construent,
2803 1618 2869 1675 et
2947 1626 3057 1695 pro

808 1714 1115 1808 predictis
1155 1728 1341 1807 pastu
1383 1729 1447 1787 et
1489 1714 1781 1786 charreio
1811 1728 2061 1808 septem
2101 1713 2345 1787 solidos
2381 1715 2762 1788 parisiensis
2788 1731 3051 1789 monete

808 1828 872 1899 in
909 1830 1188 1902 crastino
1249 1829 1395 1901 testi
1459 1843 1681 1901 sancte
1742 1830 1971 1902 Crucis
2035 1851 2259 1901 mense
2311 1830 2663 1923 septembri
2726 1834 3057 1903 aunuatim

808 1947 1172 2037 persolvent
1207 1969 1225 2029 3
1266 1957 1332 2015 et
1370 1942 1423 2015 si
1457 1946 1619 2015 forte
1649 1946 2007 2036 prescripto
2049 1942 2324 2015 termino
2363 1943 2450 2014 illi
2501 1958 2754 2036 septem
2808 1944 3055 2017 solidos

808 2082 937 2130 non
978 2059 1344 2141 redderent,
1400 2071 1754 2130 memorato
1829 2057 2110 2150 capitulo
2173 2061 2270 2129 vel
2335 2057 2727 2150 procuratori
2786 2061 3047 2152 capituli

806 2175 1246 2245 emendarent.
1293 2177 1582 2244 Preterea
1611 2173 1944 2245 memorati
1988 2172 2351 2244 milesendis
2377 2188 2440 2245 et
2470 2176 2743 2245 heredes
2774 2174 2902 2262 sui,
2945 2173 3050 2265 qui

805 2300 1040 2359 terram
1083 2287 1432 2379 predictam
1461 2290 1780 2374 excolent,
1803 2286 2230 2380 justiciabiles
2266 2301 2455 2359 erunt
2487 2287 2747 2380 capituli
2777 2291 2874 2360 ve!
2913 2312 3058 2381 pro-

806 2400 1118 2472 curatoris
1154 2400 1358 2493 ipsius
1386 2399 1645 2492 capituli
1678 2415 1806 2472 tam
1850 2405 1928 2472 de
1970 2400 2236 2473 hostisia
2275 2425 2464 2494 quam
2507 2404 2585 2473 de
2621 2415 2820 2487 terra,
2883 2402 3055 2475 sicut

805 2514 908 2586 alii
949 2518 1264 2607 hospites.
1302 2519 1569 2607 Insuper
1608 2519 1854 2587 tructus
1901 2515 2072 2588 illius
2136 2530 2302 2588 terre
2369 2539 2498 2588 non
2549 2531 2722 2588 extra
2790 2519 3054 2589 domum

804 2627 1063 2721 capituli
1103 2633 1458 2712 trahentur,
1501 2628 1697 2699 immo
1729 2628 2093 2701 milesendis
2132 2645 2196 2701 et
2233 2632 2506 2702 heredes
2541 2630 2641 2701 sui
2681 2630 2743 2700 in
2776 2629 3050 2702 hostisia

806 2764 947 2826 sua,
989 2741 1244 2815 interra
1275 2741 1532 2835 capituli
1573 2741 1741 2815 sicut
1780 2743 2020 2815 dictum
2051 2758 2148 2816 est
2180 2745 2503 2827 fabricata,
2533 2766 2850 2837 reponere
2876 2757 3053 2817 tene-

807 2859 1064 2927 buntur.
1110 2861 1348 2928 Gerbas
1399 2881 1547 2930 vero
1578 2873 1745 2930 terre
1793 2860 2165 2950 supradicte
2205 2860 2281 2929 ad
2332 2861 2547 2930 locum
2603 2858 2782 2929 illum
2850 2862 3053 2930 addu-

805 2983 954 3041 cent
998 2972 1076 3041 ad
1151 2994 1341 3062 quem
1390 2971 1491 3043 alii
1559 2972 1850 3063 hospites
1916 2996 2067 3043 suas
2107 2976 2335 3063 garbas
2374 2975 2722 3046 adducent.
2782 2973 3052 3045 predicti

806 3106 958 3155 vero
1000 3084 1360 3157 Milesendis
1385 3101 1449 3157 et
1478 3091 1679 3178 Hugo,
1716 3085 1885 3158 filius
1910 3091 2078 3179 ejus,
2112 3089 2177 3157 in
2205 3087 2529 3179 presentia
2557 3101 2776 3159 nostra
2804 3091 3051 3160 consti-

803 3199 951 3283 tuti,
991 3202 1179 3271 istam
1220 3203 1764 3292 compositionem
1814 3206 2156 3273 tenendam
2217 3204 2342 3274 fide
2406 3201 2782 3295 interposita
2851 3207 3055 3275 firma·

805 3327 1053 3383 verunt.
1101 3316 1286 3398 Quod
1314 3327 1381 3384 ut
1407 3328 1611 3386 ratum
1645 3330 1708 3387 et
1736 3316 2197 3387 inconcussum
2241 3329 2639 3407 permaneat,
2669 3319 2750 3387 ad
2789 3316 3053 3408 peticio·

750 3489 753 3490 f
809 3447 955 3496 nem
985 3426 1316 3519 utriusque
1356 3429 1552 3520 partis
1594 3444 1960 3522 presentem
1995 3429 2286 3522 paginam
2329 3429 2520 3522 sigini
2580 3429 2779 3500 nostri
2848 3431 3053 3501 muni-

804 3539 976 3611 mine
1016 3541 1287 3613 {ecimus
1331 3543 1637 3613 roborari.
1685 3552 1909 3614 Actum
1976 3568 2147 3617 anno
2212 3547 2419 3637 gratie
2487 3548 2537 3615 M
2605 3545 3049 3618 ducentesimo

805 3667 1053 3740 octavo,
1096 3678 1321 3728 mense
1358 3659 1724 3728 novembri.
