3485 5571
1409 671 1723 736 -63-

453 816 546 875 est
592 803 887 872 voluntas
925 802 1066 891 ejus
1102 798 1430 891 quoniam,
1493 802 1549 872 si
1607 822 1720 892 pro
1775 798 1990 891 aliquo
2052 823 2167 871 vos
2223 800 2539 892 rogaverit
2584 804 2683 874 vel

452 915 820 1009 praeceperit
868 916 1039 1006 quod
1075 912 1158 985 sit
1195 928 1417 986 contra
1456 916 1998 986 consuetudinem
2039 928 2340 1003 vestram,
2383 938 2512 987 non
2545 939 2686 1008 gra-

448 1028 611 1101 vabit
646 1052 795 1101 eum
848 1028 900 1100 si
964 1051 1075 1100 vos
1121 1051 1250 1099 non
1291 1026 1729 1100 satisfeceritis
1768 1027 1853 1101 ei.
1902 1032 2032 1100 Hoc
2071 1026 2338 1122 quidem
2375 1031 2456 1101 de
2494 1053 2685 1102 cons·

446 1142 672 1216 cientia
714 1166 829 1214 sua
863 1145 1045 1214 vobis
1077 1140 1419 1214 scribimus
1458 1164 1532 1213 ex
1569 1157 1748 1234 parte
1800 1165 1944 1227 sua,
1985 1156 2051 1213 et
2083 1166 2276 1235 super
2313 1147 2437 1216 boc
2482 1157 2683 1217 testes

446 1261 622 1329 vobis
660 1279 914 1340 sumus,
945 1270 1009 1328 et
1048 1278 1327 1349 semper,
1374 1258 1673 1348 quotiens
1712 1259 2095 1348 oportuerit,
2137 1255 2402 1329 erimus.

1437 1643 1628 1705 xxx}
1636 1643 1683 1704 11

1389 1918 1678 2001 [840-843
1700 1918 1742 2001 ¹]

556 2172 793 2230 chau-ies
820 2174 873 2229 ιο
901 2173 1123 2231 chauve
1147 2175 1416 2231 confirmo
1444 2173 1525 2230 les
1553 2131 1903 2247 masiano
1933 2175 2002 2230 de
2031 2175 2241 2246 raguse
2270 2174 2581 2232 d’Orteans.

1167 2370 1365 2443 (Copie
1396 2371 1465 2426 de
1493 2371 1714 2442 Baluze‚
1746 2387 1802 2443 p.
1837 2370 1953 2441 31.)

519 2640 586 2707 ln
640 2635 902 2708 nomine
942 2651 1184 2709 sanctae
1233 2650 1298 2709 et
1335 2634 1680 2707 individuae
1734 2636 2092 2720 Trinitatis,
2156 2639 2447 2723 Karolus,
2490 2636 2690 2728 gratia

434 2748 551 2822 Dei
602 2772 739 2822 rex.
783 2750 848 2821 Si
881 2749 1297 2843 petitionibus
1335 2752 1745 2823 sacerdotum
1786 2773 1904 2844 pro
1933 2749 2325 2842 quibuslibet
2351 2749 2693 2823 ecelesias·

438 2862 585 2937 ticis
626 2864 1124 2937 necessitatibus
1156 2887 1348 2936 aures
1388 2878 1642 2937 nostras
1687 2863 2077 2957 pulsantium
2125 2864 2399 2936 libenter
2451 2869 2694 2936 annui-

436 3001 613 3065 mus,
660 2992 725 3049 et
754 3001 863 3050 eas
894 3001 1039 3050 curn
1080 2979 1194 3050 ltei
1233 2979 1465 3065 auxilio
1495 2981 1573 3050 ad
1603 2981 1905 3051 effectum
1937 2980 2377 3070 perducimus,
2413 2978 2475 3049 id
2508 2978 2692 3051 nobis

433 3095 512 3164 ad
571 3099 836 3163 aeternae
896 3091 1433 3164 remunerationis
1490 3092 1749 3184 praemia
1819 3096 2216 3185 capessenda
2278 3096 2684 3185 profuturnm

435 3204 692 3298 liquido
729 3205 1077 3278 credimus.
1136 3205 1331 3296 Igitur
1364 3221 1585 3278 notum
1622 3228 1771 3278 esse
1834 3209 2128 3277 volumus
2160 3205 2491 3298 sagacitati
2536 3211 2692 3278 lide·

435 3320 594 3391 lium
642 3336 1033 3406 nostrorum,
1079 3318 1491 3412 praesentium
1522 3319 1824 3392 videlicet
1868 3333 1934 3391 et
1983 3322 2370 3408 futurorum,
2437 3342 2688 3391 necnon

434 3457 895 3507 successorum
951 3448 1343 3516 nostrorum,
1410 3431 1557 3525 quia
1617 3433 1843 3505 adiens
1930 3433 2339 3506 serenitatem
2409 3449 2692 3505 nostram

433 3552 667 3633 Jonas,
701 3546 1174 3620 Aurelianensis
1213 3546 1589 3640 episcopus,
1630 3546 1909 3619 innotuit
1959 3549 2150 3619 nobis
2198 3547 2471 3639 qualiter
2510 3546 2691 3631 olim,

396 3662 733 3755 peccatis
775 3661 1344 3754 praepedientibus,
1390 3664 1622 3734 domus
1658 3661 1773 3734 Dei
1814 3686 1958 3754 quae
2017 3662 2081 3732 in
2133 3664 2359 3734 eadem
2418 3664 2576 3734 urbe
2627 3661 2691 3733 in

432 3783 696 3850 honore
729 3792 971 3850 sanctae
1008 3790 1073 3848 et
1112 3779 1378 3848 vivificae
1417 3775 1639 3848 Crucis
1675 3780 1814 3848 Deo
1852 3791 1950 3848 est
2000 3775 2230 3863 dicata,
2291 3775 2397 3846 ubi
2465 3799 2694 3848 manus

437 3891 709 3966 Domini
748 3895 1064 3987 apparuit,
1105 3895 1269 3965 adeo
1311 3891 1638 3964 humiliata
1679 3906 1746 3965 et
1783 3895 1977 3963 rebus
2016 3891 2100 3963 sit
2135 3891 2481 3977 exinanita,
2522 3906 2591 3963 ut
2629 3907 2696 3964 et

436 4024 784 4081 tessaurus
821 4006 1027 4100 ipsius
1061 4008 1357 4080 ecclesiae
1401 4031 1435 4079 a
1498 4004 2054 4079 christianissimis
2106 4005 2503 4099 principibus
2558 4010 2694 4079 Deo

435 4126 726 4208 oblatus,
772 4137 837 4193 et
888 4124 1183 4214 quaedam
1224 4121 1647 4193 instrumenta
1708 4135 2054 4213 cartarum,
2121 4143 2236 4212 per
2275 4143 2420 4211 quae
2484 4142 2589 4192 res
2630 4136 2693 4192 et

436 4235 764 4329 mancipia
804 4235 1014 4310 eidem
1048 4235 1344 4309 ecclesiae
1383 4234 1614 4308 suerint
1643 4237 1973 4327 delegatae,
2000 4235 2397 4306 diversorum
2427 4256 2693 4306 casuum

509 4604 531 4641 ¹
574 4603 1156 4661 Charles-le-Cbauve
1184 4609 1376 4661 monta
1402 4621 1503 4662 sur
1531 4605 1584 4661 le
1613 4607 1773 4661 trone
1802 4619 1871 4660 en
1900 4603 2040 4671 840;
2068 4605 2258 4674 Jonas,
2291 4604 2503 4676 eveque
2531 4600 2695 4659 d’Or-

438 4698 629 4766 lenus,
658 4702 888 4753 mourut
913 4712 984 4752 en
1010 4694 1137 4753 843.
