3485 5571
1416 662 1727 725 „57-

441 788 508 855 Si
549 788 699 876 quis
736 800 950 860 autem
991 790 1113 861 hoc
1170 804 1547 883 attemptare
1609 795 2112 886 praesumpserit,
2179 794 2684 888 indignationem

437 899 904 993 omnipotentis
942 902 1054 975 Dei
1130 917 1195 976 et
1269 908 1599 977 beatorum
1682 907 1848 980 Petri
1890 922 1953 980 et
1994 909 2167 981 Pauli
2245 914 2685 1002 apostolorum

431 1017 575 1107 ejus
614 1038 689 1088 se
731 1018 974 1090 noverit
1014 1017 1445 1091 incursurum.
1482 1027 1711 1093 Datum
1752 1026 2129 1111 Beneventi,
2176 1028 2223 1096 ΙΙ
2254 1027 2381 1096 kal.
2409 1024 2576 1118 julii.

1434 1362 1680 1423 XXVIII

808 1608 994 1683 Sensi,
1024 1604 1103 1672 20
1128 1607 1349 1687 juiuet
1379 1607 1480 1689 (13
1507 1610 1628 1673 des
1658 1611 1781 1673 cal.
1811 1610 2061 1691 d'aodt)
2099 1608 2302 1693 [1164]

429 1860 748 1918 Alexandro
774 1860 852 1918 111
879 1860 1090 1918 obtient
1118 1862 1188 1917 de
1218 1861 1414 1929 Gilles,
1446 1862 1727 1919 chevalier
1772 1863 1841 1919 de
1888 1863 2096 1937 Loury,
2145 1864 2529 1922 renonciation
2575 1882 2686 1923 aux

499 1957 681 2013 droits
715 1957 1079 2014 bereditaires
1108 1958 1246 2029 qu'il
1270 1959 1582 2031 pretendait
1610 1960 1763 2015 avoir
1791 1977 1891 2016 sur
1934 1961 2016 2017 les
2045 1960 2248 2033 eglises
2295 1962 2365 2017 de
2412 1963 2601 2036 Loury
2628 1969 2687 2021 et

501 2054 571 2110 de
600 2054 975 2112 Rebrechien.

428 2226 629 2300 (Copie
668 2226 739 2283 de
785 2229 1005 2297 Baluze,
1052 2245 1107 2301 p.
1162 2229 1249 2284 27.
1286 2261 1353 2271 —
1401 2229 1541 2286 Pub.
1596 2229 1966 2288 Loewenfeld.
2015 2229 2289 2303 Epistolae
2329 2231 2680 2304 Pontificum

1215 2326 1636 2395 Romanorum,
1667 2343 1721 2397 p.
1750 2326 1901 2395 136.)

516 2562 869 2632 Alexander
896 2559 1264 2652 episcopus,
1297 2582 1518 2632 servus
1550 2583 1882 2634 servorum
1923 2561 2062 2645 Dei,
2094 2562 2458 2634 venerabili
2503 2561 2680 2635 fratri

428 2675 741 2769 episcopo
774 2687 838 2746 et
903 2674 1154 2746 dilectis
1192 2674 1339 2747 filiis
1401 2674 1697 2747 universo
1738 2675 2019 2767 capitulo
2072 2680 2368 2749 ecclesiae
2426 2682 2680 2749 Sanctae

431 2790 655 2863 Crucis
685 2789 1160 2861 Aurelianensis
1223 2793 1495 2861 salutem
1542 2804 1605 2861 et
1635 2791 2050 2881 apostolicam
2123 2792 2670 2865 benedictionem.

431 2907 765 2992 Quociens
798 2905 1008 2994 aliqua
1043 2904 1233 2995 digna
1272 2906 1580 2975 memoria
1620 2907 1697 2974 ad
1739 2904 2125 2996 Apostolicae
2174 2905 2358 2977 Sedis
2401 2930 2678 2998 praesen-

432 3019 581 3090 tiam
617 3021 1047 3111 perferuntur,
1083 3021 1328 3110 justum
1390 3032 1490 3089 est
1560 3033 1623 3090 et
1663 3019 1894 3090 rationi
1957 3027 2352 3092 conveniens
2386 3024 2558 3111 quod
2601 3044 2677 3093 ea

431 3134 759 3205 literarum
791 3132 936 3203 fidei
968 3136 1536 3216 commendentur,
1592 3148 1657 3203 ut
1689 3136 1922 3205 babeat
1962 3148 2261 3206 secutura
2337 3135 2676 3227 posteritas
2775 3183 2778 3184 ν

431 3246 582 3339 quid
626 3249 707 3318 de
743 3258 1067 3339 gestarum
1109 3270 1319 3319 rerum
1377 3260 1588 3318 teneat
1626 3251 1916 3319 veritate.
1975 3250 2125 3319 Inde
2164 3262 2265 3320 est
2323 3250 2492 3339 quod
2532 3253 2681 3321 uni-

432 3359 717 3432 versitati
759 3374 984 3431 vestrae
1025 3364 1439 3453 praesentium
1480 3361 1947 3451 significatione
1986 3365 2281 3433 volumus
2320 3362 2682 3436 innotescat

434 3478 603 3567 quod
644 3474 897 3547 dilectis
928 3474 1072 3546 filiis
1100 3477 1339 3546 nostris
1379 3478 1712 3559 Herberto,
1768 3474 2063 3547 ecclesiae
2106 3490 2331 3547 vestrae
2370 3476 2680 3549 archidia-

433 3612 625 3673 cono,
669 3589 948 3659 Guarino
1007 3585 1583 3681 archipresbytero,
1640 3603 1705 3659 et
1745 3588 1968 3660 Gitone
2032 3587 2229 3660 milite
2271 3591 2352 3660 de
2390 3588 2676 3674 Loriaco‚

433 3702 497 3772 in
528 3717 750 3774 nostra
778 3702 1117 3794 praesentia
1167 3702 1561 3786 constitutis,
1593 3715 1741 3795 post
1781 3706 2045 3773 multam
2103 3702 2679 3774 commonitionem

434 3829 720 3887 nostram
757 3814 926 3887 idem
966 3815 1127 3899 otto,
1171 3818 1251 3887 de
1311 3814 1692 3887 Arebracbio
1732 3829 1796 3886 et
1870 3817 1951 3886 de
2012 3815 2273 3888 Loriaco
2339 3814 2677 3902 ecclesias,

434 3953 594 4021 quas
633 3951 707 4001 ex
750 3953 933 4023 prava
973 3945 1038 4002 et
1090 3933 1350 4021 antiqua
1391 3930 1495 4000 itta
1568 3932 2040 4002 consuetudine
2090 3933 2234 4021 jure
2295 3928 2680 4002 hereditario

435 4043 834 4135 possidebat,
878 4045 1073 4115 libere
1113 4059 1175 4115 et
1204 4047 1496 4115 absolute
1531 4042 1594 4113 in
1650 4042 1889 4115 nostris
1926 4046 2223 4115 manibus
2250 4042 2571 4126 refutavit,
2616 4056 2682 4115 et

438 4157 907 4246 universojuri‚
949 4159 1118 4243 quod
1147 4156 1208 4226 in
1250 4156 1347 4226 eis
1387 4179 1458 4227 se
1484 4159 1717 4226 habere
1758 4155 2033 4245 dicebat,
2067 4155 2324 4245 penitus
2358 4158 2681 4226 abrenun-

434 4269 639 4355 cians,
686 4267 859 4360 ipsas
898 4269 1081 4340 tactis
1120 4291 1333 4340 coram
1378 4269 1563 4340 nobis
1618 4267 2048 4340 sacrosanctis
2114 4267 2460 4360 evangeliis
2500 4270 2679 4358 abju-

437 4383 619 4469 ravit,
656 4398 720 4455 et
757 4382 991 4455 liberas
1018 4382 1081 4453 in
1124 4396 1452 4476 posterum
1494 4382 1791 4456 ecclesiae
1830 4397 2059 4454 vestrae
2114 4382 2394 4475 reliquit.
2444 4387 2679 4454 Datum

438 4498 740 4582 Senonis,
774 4501 907 4569 XIII
933 4500 1060 4569 kal.
1102 4496 1380 4589 augusti.
