<?xml version="1.0" encoding="UTF-8"?>
<!DOCTYPE html PUBLIC "-//W3C//DTD XHTML 1.0 Transitional//EN"
    "http://www.w3.org/TR/xhtml1/DTD/xhtml1-transitional.dtd">
<html xmlns="http://www.w3.org/1999/xhtml" xml:lang="en" lang="en">
 <head>
  <title>
</title>
<meta http-equiv="Content-Type" content="text/html;charset=utf-8" />
  <meta name='ocr-system' content='tesseract 3.04.00' />
  <meta name='ocr-capabilities' content='ocr_page ocr_carea ocr_par ocr_line ocrx_word'/>
</head>
<body>
  <div class='ocr_page' id='page_1' title='image "./cartulairedesai00thilgoog_0629.png"; bbox 0 0 3485 5571; ppageno 0'>
   <div class='ocr_carea' id='block_1_1' title="bbox 1370 675 1725 741">
    <p class='ocr_par' dir='ltr' id='par_1_1' title="bbox 1370 675 1725 741">
     <span class='ocr_line' id='line_1_1' title="bbox 1370 675 1725 741; baseline 0.008 -19"><span class='ocrx_word' id='word_1_1' title='bbox 1370 675 1725 741; x_wconf 69' lang='lat'><strong>-447-</strong></span> 
     </span>
    </p>
   </div>
   <div class='ocr_carea' id='block_1_2' title="bbox 1358 1078 1749 1143">
    <p class='ocr_par' dir='ltr' id='par_1_2' title="bbox 1358 1078 1749 1143">
     <span class='ocr_line' id='line_1_2' title="bbox 1358 1078 1749 1143; baseline 0.008 -3"><span class='ocrx_word' id='word_1_2' title='bbox 1358 1078 1749 1143; x_wconf 85' lang='lat' dir='ltr'><strong>CCCXXXlll</strong></span> 
     </span>
    </p>
   </div>
   <div class='ocr_carea' id='block_1_3' title="bbox 1208 1354 1882 1421">
    <p class='ocr_par' dir='ltr' id='par_1_3' title="bbox 1208 1354 1882 1421">
     <span class='ocr_line' id='line_1_3' title="bbox 1208 1354 1882 1421; baseline 0.004 -4"><span class='ocrx_word' id='word_1_3' title='bbox 1208 1354 1288 1418; x_wconf 74' lang='lat'><strong>24</strong></span> <span class='ocrx_word' id='word_1_4' title='bbox 1325 1356 1677 1420; x_wconf 76' lang='lat' dir='ltr'><strong>decembre</strong></span> <span class='ocrx_word' id='word_1_5' title='bbox 1723 1356 1882 1421; x_wconf 73' lang='lat'><strong>1276</strong></span> 
     </span>
    </p>
   </div>
   <div class='ocr_carea' id='block_1_4' title="bbox 412 1597 2667 1769">
    <p class='ocr_par' dir='ltr' id='par_1_4' title="bbox 412 1597 2667 1769">
     <span class='ocr_line' id='line_1_4' title="bbox 412 1597 2667 1673; baseline 0.004 -21"><span class='ocrx_word' id='word_1_6' title='bbox 412 1598 499 1653; x_wconf 84' lang='lat' dir='ltr'><strong>Le</strong></span> <span class='ocrx_word' id='word_1_7' title='bbox 527 1597 807 1670; x_wconf 84' lang='lat' dir='ltr'><strong>chapitre,</strong></span> <span class='ocrx_word' id='word_1_8' title='bbox 834 1598 869 1653; x_wconf 72' lang='lat' dir='ltr'><strong>a</strong></span> <span class='ocrx_word' id='word_1_9' title='bbox 892 1599 946 1653; x_wconf 85' lang='lat' dir='ltr'><strong>la</strong></span> <span class='ocrx_word' id='word_1_10' title='bbox 970 1598 1158 1671; x_wconf 73' lang='lat' dir='ltr'><strong>prtem</strong></span> <span class='ocrx_word' id='word_1_11' title='bbox 1182 1600 1258 1656; x_wconf 89' lang='lat' dir='ltr'><strong>du</strong></span> <span class='ocrx_word' id='word_1_12' title='bbox 1289 1601 1642 1673; x_wconf 72' lang='lat' dir='ltr'><strong>sous-doyen</strong></span> <span class='ocrx_word' id='word_1_13' title='bbox 1672 1602 1870 1658; x_wconf 81' lang='lat' dir='ltr'><strong>Pierre</strong></span> <span class='ocrx_word' id='word_1_14' title='bbox 1898 1602 1968 1657; x_wconf 91' lang='lat' dir='ltr'><strong>de</strong></span> <span class='ocrx_word' id='word_1_15' title='bbox 1993 1603 2266 1673; x_wconf 83' lang='lat' dir='ltr'><strong>Lamotte,</strong></span> <span class='ocrx_word' id='word_1_16' title='bbox 2296 1603 2450 1673; x_wconf 72' lang='lat' dir='ltr'><strong>erige</strong></span> <span class='ocrx_word' id='word_1_17' title='bbox 2479 1603 2533 1658; x_wconf 89' lang='lat' dir='ltr'><strong>la</strong></span> <span class='ocrx_word' id='word_1_18' title='bbox 2558 1603 2667 1660; x_wconf 73' lang='lat' dir='ltr'><strong>sete</strong></span> 
     </span>
     <span class='ocr_line' id='line_1_5' title="bbox 487 1693 2593 1769; baseline 0.003 -21"><span class='ocrx_word' id='word_1_19' title='bbox 487 1693 560 1749; x_wconf 88' lang='lat' dir='ltr'><strong>de</strong></span> <span class='ocrx_word' id='word_1_20' title='bbox 588 1694 765 1750; x_wconf 82' lang='lat' dir='ltr'><strong>sainte</strong></span> <span class='ocrx_word' id='word_1_21' title='bbox 794 1694 1103 1753; x_wconf 78' lang='lat' dir='ltr'><strong>Genevieve</strong></span> <span class='ocrx_word' id='word_1_22' title='bbox 1130 1712 1201 1752; x_wconf 90' lang='lat' dir='ltr'><strong>en</strong></span> <span class='ocrx_word' id='word_1_23' title='bbox 1232 1697 1341 1753; x_wconf 74' lang='lat' dir='ltr'><strong>tete</strong></span> <span class='ocrx_word' id='word_1_24' title='bbox 1367 1697 1574 1753; x_wconf 89' lang='lat' dir='ltr'><strong>double</strong></span> <span class='ocrx_word' id='word_1_25' title='bbox 1599 1703 1655 1754; x_wconf 90' lang='lat' dir='ltr'><strong>et</strong></span> <span class='ocrx_word' id='word_1_26' title='bbox 1682 1699 1836 1769; x_wconf 75' lang='lat' dir='ltr'><strong>regie</strong></span> <span class='ocrx_word' id='word_1_27' title='bbox 1861 1699 1943 1753; x_wconf 86' lang='lat' dir='ltr'><strong>les</strong></span> <span class='ocrx_word' id='word_1_28' title='bbox 1964 1698 2349 1754; x_wconf 83' lang='lat' dir='ltr'><strong>distributions</strong></span> <span class='ocrx_word' id='word_1_29' title='bbox 2377 1700 2409 1754; x_wconf 76' lang='lat' dir='ltr'><strong>a</strong></span> <span class='ocrx_word' id='word_1_30' title='bbox 2433 1699 2593 1754; x_wconf 75' lang='lat' dir='ltr'><strong>faire.</strong></span> 
     </span>
    </p>
   </div>
   <div class='ocr_carea' id='block_1_5' title="bbox 835 1841 2252 1915">
    <p class='ocr_par' dir='ltr' id='par_1_5' title="bbox 835 1841 2252 1915">
     <span class='ocr_line' id='line_1_6' title="bbox 835 1841 2252 1915; baseline 0.001 -18"><span class='ocrx_word' id='word_1_31' title='bbox 835 1841 1110 1914; x_wconf 77' lang='lat' dir='ltr'><strong>(original</strong></span> <span class='ocrx_word' id='word_1_32' title='bbox 1147 1860 1195 1899; x_wconf 86' lang='lat' dir='ltr'><strong>s.</strong></span> <span class='ocrx_word' id='word_1_33' title='bbox 1224 1845 1415 1915; x_wconf 81' lang='lat' dir='ltr'><strong>parch.</strong></span> <span class='ocrx_word' id='word_1_34' title='bbox 1449 1844 1622 1900; x_wconf 82' lang='lat' dir='ltr'><strong>Arch.</strong></span> <span class='ocrx_word' id='word_1_35' title='bbox 1651 1844 1729 1898; x_wconf 83' lang='lat' dir='ltr'><strong>du</strong></span> <span class='ocrx_word' id='word_1_36' title='bbox 1757 1841 1967 1914; x_wconf 89' lang='lat' dir='ltr'><strong>Loiret,</strong></span> <span class='ocrx_word' id='word_1_37' title='bbox 2000 1843 2065 1897; x_wconf 86' lang='lat' dir='ltr'><strong>G.</strong></span> <span class='ocrx_word' id='word_1_38' title='bbox 2101 1842 2252 1914; x_wconf 70' lang='lat'><strong>440).</strong></span> 
     </span>
    </p>
   </div>
   <div class='ocr_carea' id='block_1_6' title="bbox 402 2043 2734 4550">
    <p class='ocr_par' dir='ltr' id='par_1_6' title="bbox 402 2043 2734 4550">
     <span class='ocr_line' id='line_1_7' title="bbox 502 2043 2671 2148; baseline 0 -22"><span class='ocrx_word' id='word_1_39' title='bbox 502 2053 831 2126; x_wconf 81' lang='lat' dir='ltr'><strong>Universis</strong></span> <span class='ocrx_word' id='word_1_40' title='bbox 858 2069 1191 2145; x_wconf 81' lang='lat' dir='ltr'><strong>presentes</strong></span> <span class='ocrx_word' id='word_1_41' title='bbox 1218 2056 1464 2128; x_wconf 75' lang='lat' dir='ltr'><strong>litteras</strong></span> <span class='ocrx_word' id='word_1_42' title='bbox 1488 2055 1904 2148; x_wconf 59' lang='lat' dir='ltr'><strong>inspectum,</strong></span> <span class='ocrx_word' id='word_1_43' title='bbox 1944 2043 2324 2127; x_wconf 62' lang='lat' dir='ltr'><strong>&#39;Guillelmus</strong></span> <span class='ocrx_word' id='word_1_44' title='bbox 2387 2057 2671 2127; x_wconf 86' lang='lat' dir='ltr'><strong>decanus</strong></span> 
     </span>
     <span class='ocr_line' id='line_1_8' title="bbox 406 2168 2672 2263; baseline 0 -23"><span class='ocrx_word' id='word_1_45' title='bbox 406 2182 753 2260; x_wconf 87' lang='lat' dir='ltr'><strong>totumque</strong></span> <span class='ocrx_word' id='word_1_46' title='bbox 792 2170 1247 2242; x_wconf 80' lang='lat' dir='ltr'><strong>Aurelianense</strong></span> <span class='ocrx_word' id='word_1_47' title='bbox 1277 2172 1650 2263; x_wconf 88' lang='lat' dir='ltr'><strong>capitulum,</strong></span> <span class='ocrx_word' id='word_1_48' title='bbox 1678 2175 1954 2242; x_wconf 88' lang='lat' dir='ltr'><strong>salutem</strong></span> <span class='ocrx_word' id='word_1_49' title='bbox 2017 2168 2082 2240; x_wconf 92' lang='lat' dir='ltr'><strong>in</strong></span> <span class='ocrx_word' id='word_1_50' title='bbox 2140 2168 2427 2241; x_wconf 88' lang='lat' dir='ltr'><strong>omnium</strong></span> <span class='ocrx_word' id='word_1_51' title='bbox 2458 2173 2672 2241; x_wconf 82' lang='lat' dir='ltr'><strong>Salva-</strong></span> 
     </span>
     <span class='ocr_line' id='line_1_9' title="bbox 411 2283 2671 2378; baseline -0 -20"><span class='ocrx_word' id='word_1_52' title='bbox 411 2302 582 2358; x_wconf 90' lang='lat' dir='ltr'><strong>tore.</strong></span> <span class='ocrx_word' id='word_1_53' title='bbox 605 2283 917 2356; x_wconf 86' lang='lat' dir='ltr'><strong>Noveritis</strong></span> <span class='ocrx_word' id='word_1_54' title='bbox 948 2288 1124 2378; x_wconf 85' lang='lat' dir='ltr'><strong>quod</strong></span> <span class='ocrx_word' id='word_1_55' title='bbox 1148 2309 1295 2369; x_wconf 87' lang='lat' dir='ltr'><strong>nos,</strong></span> <span class='ocrx_word' id='word_1_56' title='bbox 1320 2287 1730 2357; x_wconf 88' lang='lat' dir='ltr'><strong>attendentes</strong></span> <span class='ocrx_word' id='word_1_57' title='bbox 1745 2289 2167 2358; x_wconf 83' lang='lat' dir='ltr'><strong>devocionem</strong></span> <span class='ocrx_word' id='word_1_58' title='bbox 2199 2309 2391 2377; x_wconf 85' lang='lat' dir='ltr'><strong>quam</strong></span> <span class='ocrx_word' id='word_1_59' title='bbox 2407 2309 2671 2358; x_wconf 78' lang='lat' dir='ltr'><strong>venera-</strong></span> 
     </span>
     <span class='ocr_line' id='line_1_10' title="bbox 402 2398 2671 2491; baseline 0.001 -21"><span class='ocrx_word' id='word_1_60' title='bbox 402 2398 563 2470; x_wconf 85' lang='lat' dir='ltr'><strong>bilis</strong></span> <span class='ocrx_word' id='word_1_61' title='bbox 611 2399 705 2469; x_wconf 82' lang='lat' dir='ltr'><strong>vir</strong></span> <span class='ocrx_word' id='word_1_62' title='bbox 755 2399 1063 2491; x_wconf 84' lang='lat' dir='ltr'><strong>magister</strong></span> <span class='ocrx_word' id='word_1_63' title='bbox 1095 2405 1321 2471; x_wconf 82' lang='lat' dir='ltr'><strong>Petrus</strong></span> <span class='ocrx_word' id='word_1_64' title='bbox 1361 2403 1441 2471; x_wconf 88' lang='lat' dir='ltr'><strong>de</strong></span> <span class='ocrx_word' id='word_1_65' title='bbox 1472 2405 1660 2484; x_wconf 74' lang='lat' dir='ltr'><strong>Mota,</strong></span> <span class='ocrx_word' id='word_1_66' title='bbox 1685 2403 2096 2473; x_wconf 84' lang='lat' dir='ltr'><strong>subdecanus</strong></span> <span class='ocrx_word' id='word_1_67' title='bbox 2120 2401 2395 2473; x_wconf 81' lang='lat' dir='ltr'><strong>ecclesie</strong></span> <span class='ocrx_word' id='word_1_68' title='bbox 2419 2415 2671 2488; x_wconf 88' lang='lat' dir='ltr'><strong>nostre,</strong></span> 
     </span>
     <span class='ocr_line' id='line_1_11' title="bbox 405 2514 2670 2607; baseline 0.001 -23"><span class='ocrx_word' id='word_1_69' title='bbox 405 2517 609 2585; x_wconf 83' lang='lat' dir='ltr'><strong>habet</strong></span> <span class='ocrx_word' id='word_1_70' title='bbox 666 2528 731 2585; x_wconf 91' lang='lat' dir='ltr'><strong>et</strong></span> <span class='ocrx_word' id='word_1_71' title='bbox 784 2537 819 2584; x_wconf 91' lang='lat' dir='ltr'><strong>a</strong></span> <span class='ocrx_word' id='word_1_72' title='bbox 872 2514 1202 2586; x_wconf 79' lang='lat' dir='ltr'><strong>retroactis</strong></span> <span class='ocrx_word' id='word_1_73' title='bbox 1251 2518 1658 2605; x_wconf 78' lang='lat' dir='ltr'><strong>temporibus</strong></span> <span class='ocrx_word' id='word_1_74' title='bbox 1716 2514 2119 2606; x_wconf 79' lang='lat' dir='ltr'><strong>dignoscitur</strong></span> <span class='ocrx_word' id='word_1_75' title='bbox 2170 2514 2476 2586; x_wconf 87' lang='lat' dir='ltr'><strong>habuisse</strong></span> <span class='ocrx_word' id='word_1_76' title='bbox 2522 2538 2670 2607; x_wconf 79' lang='lat' dir='ltr'><strong>erga</strong></span> 
     </span>
     <span class='ocr_line' id='line_1_12' title="bbox 403 2625 2671 2721; baseline 0.001 -23"><span class='ocrx_word' id='word_1_77' title='bbox 403 2629 669 2699; x_wconf 84' lang='lat' dir='ltr'><strong>beatam</strong></span> <span class='ocrx_word' id='word_1_78' title='bbox 722 2625 1035 2718; x_wconf 81' lang='lat' dir='ltr'><strong>virginem</strong></span> <span class='ocrx_word' id='word_1_79' title='bbox 1089 2632 1503 2710; x_wconf 77' lang='lat' dir='ltr'><strong>Genovelam‚</strong></span> <span class='ocrx_word' id='word_1_80' title='bbox 1557 2628 1765 2721; x_wconf 89' lang='lat' dir='ltr'><strong>ipsius</strong></span> <span class='ocrx_word' id='word_1_81' title='bbox 1824 2629 2078 2700; x_wconf 84' lang='lat' dir='ltr'><strong>devotis</strong></span> <span class='ocrx_word' id='word_1_82' title='bbox 2134 2627 2671 2720; x_wconf 80' lang='lat' dir='ltr'><strong>suplicatiouibus</strong></span> 
     </span>
     <span class='ocr_line' id='line_1_13' title="bbox 404 2739 2669 2835; baseline 0.001 -24"><span class='ocrx_word' id='word_1_83' title='bbox 404 2739 727 2826; x_wconf 85' lang='lat' dir='ltr'><strong>inclinati,</strong></span> <span class='ocrx_word' id='word_1_84' title='bbox 785 2741 1131 2814; x_wconf 81' lang='lat' dir='ltr'><strong>statuimus</strong></span> <span class='ocrx_word' id='word_1_85' title='bbox 1185 2743 1251 2812; x_wconf 88' lang='lat' dir='ltr'><strong>in</strong></span> <span class='ocrx_word' id='word_1_86' title='bbox 1317 2742 1600 2835; x_wconf 83' lang='lat' dir='ltr'><strong>capitulo</strong></span> <span class='ocrx_word' id='word_1_87' title='bbox 1645 2742 1929 2834; x_wconf 83' lang='lat' dir='ltr'><strong>generali</strong></span> <span class='ocrx_word' id='word_1_88' title='bbox 1991 2741 2056 2813; x_wconf 92' lang='lat' dir='ltr'><strong>iu</strong></span> <span class='ocrx_word' id='word_1_89' title='bbox 2120 2743 2331 2833; x_wconf 74' lang='lat' dir='ltr'><strong>vigilia</strong></span> <span class='ocrx_word' id='word_1_90' title='bbox 2363 2742 2669 2815; x_wconf 87' lang='lat' dir='ltr'><strong>Omnium</strong></span> 
     </span>
     <span class='ocr_line' id='line_1_14' title="bbox 405 2859 2671 2951; baseline 0.001 -22"><span class='ocrx_word' id='word_1_91' title='bbox 405 2863 794 2930; x_wconf 88' lang='lat' dir='ltr'><strong>Sanctorum</strong></span> <span class='ocrx_word' id='word_1_92' title='bbox 834 2881 1004 2930; x_wconf 92' lang='lat' dir='ltr'><strong>anno</strong></span> <span class='ocrx_word' id='word_1_93' title='bbox 1044 2859 1298 2930; x_wconf 90' lang='lat' dir='ltr'><strong>Domini</strong></span> <span class='ocrx_word' id='word_1_94' title='bbox 1344 2859 1689 2931; x_wconf 89' lang='lat' dir='ltr'><strong>millesimo</strong></span> <span class='ocrx_word' id='word_1_95' title='bbox 1729 2863 1827 2930; x_wconf 90' lang='lat' dir='ltr'><strong>CC</strong></span> <span class='ocrx_word' id='word_1_96' title='bbox 1858 2862 2339 2951; x_wconf 78' lang='lat' dir='ltr'><strong>septuagesimo</strong></span> <span class='ocrx_word' id='word_1_97' title='bbox 2379 2874 2560 2932; x_wconf 84' lang='lat' dir='ltr'><strong>sexto</strong></span> <span class='ocrx_word' id='word_1_98' title='bbox 2602 2875 2671 2931; x_wconf 87' lang='lat' dir='ltr'><strong>ut</strong></span> 
     </span>
     <span class='ocr_line' id='line_1_15' title="bbox 404 2971 2673 3065; baseline 0.001 -23"><span class='ocrx_word' id='word_1_99' title='bbox 404 2974 737 3054; x_wconf 91' lang='lat' dir='ltr'><strong>decetero,</strong></span> <span class='ocrx_word' id='word_1_100' title='bbox 789 2971 853 3043; x_wconf 92' lang='lat' dir='ltr'><strong>in</strong></span> <span class='ocrx_word' id='word_1_101' title='bbox 904 2976 1100 3044; x_wconf 90' lang='lat' dir='ltr'><strong>natali</strong></span> <span class='ocrx_word' id='word_1_102' title='bbox 1152 2972 1321 3044; x_wconf 87' lang='lat' dir='ltr'><strong>dicte</strong></span> <span class='ocrx_word' id='word_1_103' title='bbox 1371 2972 1661 3065; x_wconf 82' lang='lat' dir='ltr'><strong>virginis,</strong></span> <span class='ocrx_word' id='word_1_104' title='bbox 1721 2977 1891 3064; x_wconf 88' lang='lat' dir='ltr'><strong>quod</strong></span> <span class='ocrx_word' id='word_1_105' title='bbox 1954 2988 2055 3045; x_wconf 89' lang='lat' dir='ltr'><strong>est</strong></span> <span class='ocrx_word' id='word_1_106' title='bbox 2093 2972 2296 3044; x_wconf 90' lang='lat' dir='ltr'><strong>tercio</strong></span> <span class='ocrx_word' id='word_1_107' title='bbox 2337 2997 2539 3045; x_wconf 89' lang='lat' dir='ltr'><strong>nonas</strong></span> <span class='ocrx_word' id='word_1_108' title='bbox 2574 2977 2673 3065; x_wconf 88' lang='lat' dir='ltr'><strong>ja-</strong></span> 
     </span>
     <span class='ocr_line' id='line_1_16' title="bbox 404 3086 2670 3178; baseline 0.001 -22"><span class='ocrx_word' id='word_1_109' title='bbox 404 3086 641 3167; x_wconf 90' lang='lat' dir='ltr'><strong>nuarii,</strong></span> <span class='ocrx_word' id='word_1_110' title='bbox 691 3090 922 3158; x_wconf 81' lang='lat' dir='ltr'><strong>testum</strong></span> <span class='ocrx_word' id='word_1_111' title='bbox 965 3090 1194 3178; x_wconf 85' lang='lat' dir='ltr'><strong>duplex</strong></span> <span class='ocrx_word' id='word_1_112' title='bbox 1247 3089 1311 3157; x_wconf 89' lang='lat' dir='ltr'><strong>in</strong></span> <span class='ocrx_word' id='word_1_113' title='bbox 1351 3102 1567 3159; x_wconf 88' lang='lat' dir='ltr'><strong>nostra</strong></span> <span class='ocrx_word' id='word_1_114' title='bbox 1616 3087 1892 3159; x_wconf 88' lang='lat' dir='ltr'><strong>ecclesia</strong></span> <span class='ocrx_word' id='word_1_115' title='bbox 1946 3089 2135 3159; x_wconf 90' lang='lat' dir='ltr'><strong>aunis</strong></span> <span class='ocrx_word' id='word_1_116' title='bbox 2175 3086 2446 3178; x_wconf 83' lang='lat' dir='ltr'><strong>singulis</strong></span> <span class='ocrx_word' id='word_1_117' title='bbox 2487 3090 2670 3159; x_wconf 90' lang='lat' dir='ltr'><strong>cele-</strong></span> 
     </span>
     <span class='ocr_line' id='line_1_17' title="bbox 405 3199 2669 3293; baseline 0 -23"><span class='ocrx_word' id='word_1_118' title='bbox 405 3203 651 3272; x_wconf 88' lang='lat' dir='ltr'><strong>bretur.</strong></span> <span class='ocrx_word' id='word_1_119' title='bbox 697 3203 1112 3273; x_wconf 89' lang='lat' dir='ltr'><strong>Postmodum</strong></span> <span class='ocrx_word' id='word_1_120' title='bbox 1155 3224 1303 3274; x_wconf 89' lang='lat' dir='ltr'><strong>vero</strong></span> <span class='ocrx_word' id='word_1_121' title='bbox 1357 3201 1568 3274; x_wconf 87' lang='lat' dir='ltr'><strong>dictus</strong></span> <span class='ocrx_word' id='word_1_122' title='bbox 1602 3205 2040 3284; x_wconf 43' lang='lat' dir='ltr'><strong>subdecanum</strong></span> <span class='ocrx_word' id='word_1_123' title='bbox 2083 3204 2148 3272; x_wconf 90' lang='lat' dir='ltr'><strong>in</strong></span> <span class='ocrx_word' id='word_1_124' title='bbox 2187 3201 2395 3293; x_wconf 81' lang='lat' dir='ltr'><strong>vigilia</strong></span> <span class='ocrx_word' id='word_1_125' title='bbox 2432 3199 2669 3273; x_wconf 85' lang='lat' dir='ltr'><strong>Nativi-</strong></span> 
     </span>
     <span class='ocr_line' id='line_1_18' title="bbox 405 3314 2660 3407; baseline 0 -22"><span class='ocrx_word' id='word_1_126' title='bbox 405 3315 571 3386; x_wconf 87' lang='lat' dir='ltr'><strong>tatis-</strong></span> <span class='ocrx_word' id='word_1_127' title='bbox 609 3314 971 3398; x_wconf 88' lang='lat' dir='ltr'><strong>Dominice‚</strong></span> <span class='ocrx_word' id='word_1_128' title='bbox 1002 3338 1172 3387; x_wconf 90' lang='lat' dir='ltr'><strong>auno</strong></span> <span class='ocrx_word' id='word_1_129' title='bbox 1213 3315 1523 3407; x_wconf 88' lang='lat' dir='ltr'><strong>predicto,</strong></span> <span class='ocrx_word' id='word_1_130' title='bbox 1568 3320 1909 3388; x_wconf 86' lang='lat' dir='ltr'><strong>attendens</strong></span> <span class='ocrx_word' id='word_1_131' title='bbox 1961 3318 2132 3406; x_wconf 91' lang='lat' dir='ltr'><strong>quod</strong></span> <span class='ocrx_word' id='word_1_132' title='bbox 2173 3318 2282 3406; x_wconf 91' lang='lat' dir='ltr'><strong>qui</strong></span> <span class='ocrx_word' id='word_1_133' title='bbox 2324 3319 2401 3388; x_wconf 92' lang='lat' dir='ltr'><strong>ad</strong></span> <span class='ocrx_word' id='word_1_134' title='bbox 2451 3320 2660 3387; x_wconf 89' lang='lat' dir='ltr'><strong>bonus</strong></span> 
     </span>
     <span class='ocr_line' id='line_1_19' title="bbox 403 3429 2656 3522; baseline 0.001 -24"><span class='ocrx_word' id='word_1_135' title='bbox 403 3429 665 3520; x_wconf 82' lang='lat' dir='ltr'><strong>eligitur</strong></span> <span class='ocrx_word' id='word_1_136' title='bbox 713 3429 933 3520; x_wconf 84' lang='lat' dir='ltr'><strong>repelli</strong></span> <span class='ocrx_word' id='word_1_137' title='bbox 980 3453 1108 3500; x_wconf 91' lang='lat' dir='ltr'><strong>uon</strong></span> <span class='ocrx_word' id='word_1_138' title='bbox 1162 3432 1391 3501; x_wconf 87' lang='lat' dir='ltr'><strong>debeat</strong></span> <span class='ocrx_word' id='word_1_139' title='bbox 1441 3454 1476 3502; x_wconf 94' lang='lat' dir='ltr'><strong>a</strong></span> <span class='ocrx_word' id='word_1_140' title='bbox 1525 3433 1853 3514; x_wconf 39' lang='lat' dir='ltr'><strong>mercedes</strong></span> <span class='ocrx_word' id='word_1_141' title='bbox 1895 3429 2357 3522; x_wconf 85' lang='lat' dir='ltr'><strong>quinquaginta</strong></span> <span class='ocrx_word' id='word_1_142' title='bbox 2413 3431 2656 3500; x_wconf 88' lang='lat' dir='ltr'><strong>solidos</strong></span> 
     </span>
     <span class='ocr_line' id='line_1_20' title="bbox 407 3543 2663 3635; baseline -0 -21"><span class='ocrx_word' id='word_1_143' title='bbox 407 3543 859 3635; x_wconf 83' lang='lat' dir='ltr'><strong>parisiensium</strong></span> <span class='ocrx_word' id='word_1_144' title='bbox 897 3567 1092 3635; x_wconf 88' lang='lat' dir='ltr'><strong>super</strong></span> <span class='ocrx_word' id='word_1_145' title='bbox 1130 3546 1323 3615; x_wconf 92' lang='lat' dir='ltr'><strong>domo</strong></span> <span class='ocrx_word' id='word_1_146' title='bbox 1376 3569 1491 3615; x_wconf 90' lang='lat' dir='ltr'><strong>sua</strong></span> <span class='ocrx_word' id='word_1_147' title='bbox 1531 3543 1717 3616; x_wconf 88' lang='lat' dir='ltr'><strong>annis</strong></span> <span class='ocrx_word' id='word_1_148' title='bbox 1768 3544 2040 3635; x_wconf 83' lang='lat' dir='ltr'><strong>singulis</strong></span> <span class='ocrx_word' id='word_1_149' title='bbox 2078 3545 2432 3635; x_wconf 90' lang='lat' dir='ltr'><strong>capiendos</strong></span> <span class='ocrx_word' id='word_1_150' title='bbox 2475 3543 2663 3616; x_wconf 88' lang='lat' dir='ltr'><strong>uobis</strong></span> 
     </span>
     <span class='ocr_line' id='line_1_21' title="bbox 405 3657 2664 3753; baseline -0.001 -22"><span class='ocrx_word' id='word_1_151' title='bbox 405 3659 787 3751; x_wconf 81' lang='lat' dir='ltr'><strong>assignavit,</strong></span> <span class='ocrx_word' id='word_1_152' title='bbox 828 3657 892 3728; x_wconf 91' lang='lat' dir='ltr'><strong>in</strong></span> <span class='ocrx_word' id='word_1_153' title='bbox 935 3660 1198 3732; x_wconf 79' lang='lat' dir='ltr'><strong>modum</strong></span> <span class='ocrx_word' id='word_1_154' title='bbox 1237 3660 1344 3752; x_wconf 90' lang='lat' dir='ltr'><strong>qui</strong></span> <span class='ocrx_word' id='word_1_155' title='bbox 1386 3659 1677 3750; x_wconf 86' lang='lat' dir='ltr'><strong>sequitur</strong></span> <span class='ocrx_word' id='word_1_156' title='bbox 1717 3684 1833 3753; x_wconf 89' lang='lat' dir='ltr'><strong>per</strong></span> <span class='ocrx_word' id='word_1_157' title='bbox 1878 3683 2139 3731; x_wconf 89' lang='lat' dir='ltr'><strong>manum</strong></span> <span class='ocrx_word' id='word_1_158' title='bbox 2181 3657 2453 3729; x_wconf 89' lang='lat' dir='ltr'><strong>bursarii</strong></span> <span class='ocrx_word' id='word_1_159' title='bbox 2502 3657 2664 3729; x_wconf 87' lang='lat' dir='ltr'><strong>divi-</strong></span> 
     </span>
     <span class='ocr_line' id='line_1_22' title="bbox 407 3772 2661 3866; baseline -0.002 -20"><span class='ocrx_word' id='word_1_160' title='bbox 407 3775 701 3846; x_wconf 83' lang='lat' dir='ltr'><strong>dendos:</strong></span> <span class='ocrx_word' id='word_1_161' title='bbox 747 3772 1050 3845; x_wconf 85' lang='lat' dir='ltr'><strong>videlicet</strong></span> <span class='ocrx_word' id='word_1_162' title='bbox 1102 3773 1167 3844; x_wconf 91' lang='lat' dir='ltr'><strong>in</strong></span> <span class='ocrx_word' id='word_1_163' title='bbox 1229 3777 1480 3846; x_wconf 86' lang='lat' dir='ltr'><strong>duabus</strong></span> <span class='ocrx_word' id='word_1_164' title='bbox 1538 3773 1828 3866; x_wconf 86' lang='lat' dir='ltr'><strong>vesperis</strong></span> <span class='ocrx_word' id='word_1_165' title='bbox 1867 3789 1934 3845; x_wconf 83' lang='lat' dir='ltr'><strong>et</strong></span> <span class='ocrx_word' id='word_1_166' title='bbox 1986 3773 2207 3854; x_wconf 81' lang='lat' dir='ltr'><strong>missa,</strong></span> <span class='ocrx_word' id='word_1_167' title='bbox 2252 3776 2320 3842; x_wconf 92' lang='lat' dir='ltr'><strong>in</strong></span> <span class='ocrx_word' id='word_1_168' title='bbox 2375 3773 2661 3864; x_wconf 80' lang='lat' dir='ltr'><strong>qualibet</strong></span> 
     </span>
     <span class='ocr_line' id='line_1_23' title="bbox 406 3885 2660 3979; baseline -0.002 -19"><span class='ocrx_word' id='word_1_169' title='bbox 406 3912 629 3960; x_wconf 89' lang='lat' dir='ltr'><strong>earum</strong></span> <span class='ocrx_word' id='word_1_170' title='bbox 672 3891 896 3959; x_wconf 89' lang='lat' dir='ltr'><strong>decem</strong></span> <span class='ocrx_word' id='word_1_171' title='bbox 940 3888 1183 3959; x_wconf 88' lang='lat' dir='ltr'><strong>solidos</strong></span> <span class='ocrx_word' id='word_1_172' title='bbox 1222 3888 1705 3979; x_wconf 87' lang='lat' dir='ltr'><strong>parisiensium,</strong></span> <span class='ocrx_word' id='word_1_173' title='bbox 1740 3904 1805 3959; x_wconf 90' lang='lat' dir='ltr'><strong>et</strong></span> <span class='ocrx_word' id='word_1_174' title='bbox 1844 3887 1908 3957; x_wconf 93' lang='lat' dir='ltr'><strong>in</strong></span> <span class='ocrx_word' id='word_1_175' title='bbox 1939 3887 2268 3958; x_wconf 69' lang='lat' dir='ltr'><strong>matutinis</strong></span> <span class='ocrx_word' id='word_1_176' title='bbox 2293 3885 2660 3977; x_wconf 83' lang='lat' dir='ltr'><strong>quindecim</strong></span> 
     </span>
     <span class='ocr_line' id='line_1_24' title="bbox 409 4000 2734 4094; baseline -0.002 -19"><span class='ocrx_word' id='word_1_177' title='bbox 409 4002 682 4088; x_wconf 76' lang='lat' dir='ltr'><strong>solidos,</strong></span> <span class='ocrx_word' id='word_1_178' title='bbox 736 4003 868 4072; x_wconf 89' lang='lat' dir='ltr'><strong>illis</strong></span> <span class='ocrx_word' id='word_1_179' title='bbox 924 4004 1368 4075; x_wconf 85' lang='lat' dir='ltr'><strong>tantummodo</strong></span> <span class='ocrx_word' id='word_1_180' title='bbox 1416 4000 1749 4074; x_wconf 79' lang='lat' dir='ltr'><strong>canonicis</strong></span> <span class='ocrx_word' id='word_1_181' title='bbox 1810 4000 1917 4094; x_wconf 91' lang='lat' dir='ltr'><strong>qui</strong></span> <span class='ocrx_word' id='word_1_182' title='bbox 1964 4015 2298 4092; x_wconf 86' lang='lat' dir='ltr'><strong>presentes</strong></span> <span class='ocrx_word' id='word_1_183' title='bbox 2354 4013 2542 4072; x_wconf 89' lang='lat' dir='ltr'><strong>erunt</strong></span> <span class='ocrx_word' id='word_1_184' title='bbox 2598 4015 2663 4071; x_wconf 86' lang='lat' dir='ltr'><strong>et</strong></span> <span class='ocrx_word' id='word_1_185' title='bbox 2729 4045 2734 4049; x_wconf 90' lang='lat'><em>-</em></span> 
     </span>
     <span class='ocr_line' id='line_1_25' title="bbox 406 4113 2662 4208; baseline -0.002 -22"><span class='ocrx_word' id='word_1_186' title='bbox 406 4115 809 4208; x_wconf 86' lang='lat' dir='ltr'><strong>integraliter</strong></span> <span class='ocrx_word' id='word_1_187' title='bbox 845 4115 1157 4207; x_wconf 77' lang='lat' dir='ltr'><strong>vesperiS,</strong></span> <span class='ocrx_word' id='word_1_188' title='bbox 1193 4116 1525 4188; x_wconf 86' lang='lat' dir='ltr'><strong>matutinis</strong></span> <span class='ocrx_word' id='word_1_189' title='bbox 1554 4131 1621 4188; x_wconf 87' lang='lat' dir='ltr'><strong>et</strong></span> <span class='ocrx_word' id='word_1_190' title='bbox 1651 4115 1850 4187; x_wconf 89' lang='lat' dir='ltr'><strong>misse</strong></span> <span class='ocrx_word' id='word_1_191' title='bbox 1875 4115 2028 4186; x_wconf 90' lang='lat' dir='ltr'><strong>dicti</strong></span> <span class='ocrx_word' id='word_1_192' title='bbox 2055 4113 2226 4187; x_wconf 83' lang='lat' dir='ltr'><strong>festi.</strong></span> <span class='ocrx_word' id='word_1_193' title='bbox 2261 4113 2662 4186; x_wconf 83' lang='lat' dir='ltr'><strong>Matricularii</strong></span> 
     </span>
     <span class='ocr_line' id='line_1_26' title="bbox 406 4229 2663 4323; baseline 0 -22"><span class='ocrx_word' id='word_1_194' title='bbox 406 4255 564 4304; x_wconf 84' lang='lat' dir='ltr'><strong>vero</strong></span> <span class='ocrx_word' id='word_1_195' title='bbox 609 4230 717 4323; x_wconf 87' lang='lat' dir='ltr'><strong>qui</strong></span> <span class='ocrx_word' id='word_1_196' title='bbox 772 4246 1103 4322; x_wconf 87' lang='lat' dir='ltr'><strong>presentes</strong></span> <span class='ocrx_word' id='word_1_197' title='bbox 1133 4231 1366 4303; x_wconf 82' lang='lat' dir='ltr'><strong>luerint</strong></span> <span class='ocrx_word' id='word_1_198' title='bbox 1405 4231 1576 4303; x_wconf 90' lang='lat' dir='ltr'><strong>dicto</strong></span> <span class='ocrx_word' id='word_1_199' title='bbox 1627 4231 1898 4304; x_wconf 87' lang='lat' dir='ltr'><strong>servicio</strong></span> <span class='ocrx_word' id='word_1_200' title='bbox 1941 4231 2196 4323; x_wconf 87' lang='lat' dir='ltr'><strong>capient</strong></span> <span class='ocrx_word' id='word_1_201' title='bbox 2242 4229 2511 4322; x_wconf 89' lang='lat' dir='ltr'><strong>quilibet</strong></span> <span class='ocrx_word' id='word_1_202' title='bbox 2549 4253 2663 4320; x_wconf 94' lang='lat' dir='ltr'><strong>pro</strong></span> 
     </span>
     <span class='ocr_line' id='line_1_27' title="bbox 410 4342 2660 4437; baseline -0.001 -20"><span class='ocrx_word' id='word_1_203' title='bbox 410 4360 543 4417; x_wconf 87' lang='lat' dir='ltr'><strong>rata</strong></span> <span class='ocrx_word' id='word_1_204' title='bbox 596 4346 834 4436; x_wconf 80' lang='lat' dir='ltr'><strong>ipsium</strong></span> <span class='ocrx_word' id='word_1_205' title='bbox 887 4345 1329 4437; x_wconf 78' lang='lat' dir='ltr'><strong>contingente.</strong></span> <span class='ocrx_word' id='word_1_206' title='bbox 1381 4351 1720 4418; x_wconf 77' lang='lat' dir='ltr'><strong>presentes</strong></span> <span class='ocrx_word' id='word_1_207' title='bbox 1779 4360 1998 4417; x_wconf 86' lang='lat' dir='ltr'><strong>autem</strong></span> <span class='ocrx_word' id='word_1_208' title='bbox 2050 4344 2493 4435; x_wconf 83' lang='lat' dir='ltr'><strong>intelliguntur</strong></span> <span class='ocrx_word' id='word_1_209' title='bbox 2551 4342 2660 4435; x_wconf 85' lang='lat' dir='ltr'><strong>qui</strong></span> 
     </span>
     <span class='ocr_line' id='line_1_28' title="bbox 410 4455 2664 4550; baseline -0.001 -23"><span class='ocrx_word' id='word_1_210' title='bbox 410 4471 562 4527; x_wconf 89' lang='lat' dir='ltr'><strong>sunt</strong></span> <span class='ocrx_word' id='word_1_211' title='bbox 602 4455 665 4527; x_wconf 90' lang='lat' dir='ltr'><strong>in</strong></span> <span class='ocrx_word' id='word_1_212' title='bbox 706 4462 1066 4550; x_wconf 88' lang='lat' dir='ltr'><strong>septimana</strong></span> <span class='ocrx_word' id='word_1_213' title='bbox 1110 4457 1442 4529; x_wconf 85' lang='lat' dir='ltr'><strong>matricule</strong></span> <span class='ocrx_word' id='word_1_214' title='bbox 1485 4471 1549 4529; x_wconf 84' lang='lat' dir='ltr'><strong>et</strong></span> <span class='ocrx_word' id='word_1_215' title='bbox 1581 4460 1826 4542; x_wconf 80' lang='lat' dir='ltr'><strong>altariS,</strong></span> <span class='ocrx_word' id='word_1_216' title='bbox 1870 4457 2152 4548; x_wconf 84' lang='lat' dir='ltr'><strong>quandiu</strong></span> <span class='ocrx_word' id='word_1_217' title='bbox 2187 4470 2331 4528; x_wconf 88' lang='lat' dir='ltr'><strong>actu</strong></span> <span class='ocrx_word' id='word_1_218' title='bbox 2377 4456 2664 4527; x_wconf 91' lang='lat' dir='ltr'><strong>serviunt</strong></span> 
     </span>
    </p>
   </div>
   <div class='ocr_carea' id='block_1_7' title="bbox 411 4570 2667 4778">
    <p class='ocr_par' dir='ltr' id='par_1_7' title="bbox 411 4570 2667 4778">
     <span class='ocr_line' id='line_1_29' title="bbox 412 4570 2659 4663; baseline 0 -22"><span class='ocrx_word' id='word_1_219' title='bbox 412 4570 717 4662; x_wconf 85' lang='lat' dir='ltr'><strong>predictis</strong></span> <span class='ocrx_word' id='word_1_220' title='bbox 755 4574 1088 4643; x_wconf 84' lang='lat' dir='ltr'><strong>matricule</strong></span> <span class='ocrx_word' id='word_1_221' title='bbox 1128 4587 1193 4644; x_wconf 91' lang='lat' dir='ltr'><strong>et</strong></span> <span class='ocrx_word' id='word_1_222' title='bbox 1218 4571 1424 4657; x_wconf 85' lang='lat' dir='ltr'><strong>altari,</strong></span> <span class='ocrx_word' id='word_1_223' title='bbox 1466 4573 1549 4643; x_wconf 85' lang='lat' dir='ltr'><strong>ita</strong></span> <span class='ocrx_word' id='word_1_224' title='bbox 1577 4575 1775 4663; x_wconf 88' lang='lat' dir='ltr'><strong>quod,</strong></span> <span class='ocrx_word' id='word_1_225' title='bbox 1805 4574 1984 4643; x_wconf 88' lang='lat' dir='ltr'><strong>finito</strong></span> <span class='ocrx_word' id='word_1_226' title='bbox 2022 4571 2257 4654; x_wconf 81' lang='lat' dir='ltr'><strong>officio,</strong></span> <span class='ocrx_word' id='word_1_227' title='bbox 2293 4574 2361 4642; x_wconf 91' lang='lat' dir='ltr'><strong>in</strong></span> <span class='ocrx_word' id='word_1_228' title='bbox 2391 4575 2659 4643; x_wconf 88' lang='lat' dir='ltr'><strong>chorum</strong></span> 
     </span>
     <span class='ocr_line' id='line_1_30' title="bbox 411 4686 2667 4778; baseline 0.001 -23"><span class='ocrx_word' id='word_1_229' title='bbox 411 4708 557 4755; x_wconf 90' lang='lat' dir='ltr'><strong>cum</strong></span> <span class='ocrx_word' id='word_1_230' title='bbox 598 4686 741 4757; x_wconf 91' lang='lat' dir='ltr'><strong>aliis</strong></span> <span class='ocrx_word' id='word_1_231' title='bbox 781 4699 1201 4758; x_wconf 88' lang='lat' dir='ltr'><strong>revertentur.</strong></span> <span class='ocrx_word' id='word_1_232' title='bbox 1245 4690 1403 4759; x_wconf 89' lang='lat' dir='ltr'><strong>Item</strong></span> <span class='ocrx_word' id='word_1_233' title='bbox 1444 4687 1775 4759; x_wconf 90' lang='lat' dir='ltr'><strong>canonicis</strong></span> <span class='ocrx_word' id='word_1_234' title='bbox 1820 4686 1932 4778; x_wconf 80' lang='lat' dir='ltr'><strong>qui</strong></span> <span class='ocrx_word' id='word_1_235' title='bbox 1978 4686 2041 4757; x_wconf 88' lang='lat' dir='ltr'><strong>in</strong></span> <span class='ocrx_word' id='word_1_236' title='bbox 2082 4689 2333 4758; x_wconf 81' lang='lat' dir='ltr'><strong>duabus</strong></span> <span class='ocrx_word' id='word_1_237' title='bbox 2378 4687 2667 4778; x_wconf 56' lang='lat' dir='ltr'><strong>vesperis</strong></span> 
     </span>
    </p>
   </div>
  </div>
 </body>
</html>
