3485 5571
1744 687 2103 751 -278-

1703 1064 2110 1128 CLXXXVIII

1789 1390 1796 1396 .
1835 1341 1984 1404 1221

795 1597 953 1662 Jean,
977 1594 1321 1651 archidiacre
1349 1595 1666 1664 d’Orleans,
1712 1595 1900 1650 donne
1937 1610 2011 1650 au
2051 1594 2301 1667 chapitre
2330 1600 2515 1652 toutes
2560 1608 2652 1650 ses
2682 1594 3038 1666 acquisitions

866 1692 1005 1747 dans
1034 1691 1086 1746 la
1133 1692 1385 1763 paroisse
1437 1692 1506 1747 de
1565 1692 2126 1747 Nouan·le·Fuzelier
2177 1708 2323 1763 pour
2376 1692 2431 1746 la
2477 1691 2812 1746 celebration
2842 1691 2913 1746 de
2939 1707 3035 1746 son

867 1789 1247 1844 anniversaire
1278 1794 1330 1844 et
1360 1788 1430 1843 de
1460 1789 1602 1843 celui
1634 1789 1703 1843 de
1731 1788 2018 1860 plusieurs
2048 1788 2330 1844 membres
2361 1788 2430 1843 de
2459 1804 2520 1843 sa
2551 1787 2780 1843 familie.

941 1934 1121 2005 (Orig.
1154 1951 1201 1989 s.
1226 1934 1419 2005 parch.
1451 1933 1625 1989 Arch.
1657 1933 1734 1989 du
1761 1934 1969 2000 Loiret,
1993 1934 2058 1989 G.
2094 1933 2237 2006 244;
2271 1933 2524 1989 mention
2552 1932 2903 2004 Scriptum.)

884 2182 1017 2268 Ego
1048 2180 1400 2259 lohannes,
1427 2176 1908 2248 Aurelianensis
1927 2179 2203 2248 ecclesie
2229 2174 2744 2261 archidiaconus,
2776 2198 3041 2267 presen-

800 2291 973 2364 tibus
1007 2306 1069 2364 et
1109 2294 1338 2363 tuturis
1387 2304 1610 2363 notum
1651 2290 1818 2363 {acio
1851 2295 2047 2384 quod,
2083 2295 2164 2364 de
2202 2292 2505 2363 omnibus
2540 2312 2666 2383 que
2719 2291 2781 2362 in
2823 2314 3037 2383 parro-

797 2410 944 2479 chia
982 2406 1129 2478 ville
1185 2405 1249 2476 in
1301 2406 1823 2478 archidiaconatu
1880 2406 2232 2478 Soliacensi
2275 2408 2510 2498 posite,
2541 2429 2668 2497 que
2704 2405 3037 2478 Noemium

800 2522 1057 2607 dicitur,
1110 2519 1447 2612 acquisivi,
1503 2519 1790 2592 ordinavi
1854 2520 2062 2592 taliter
2122 2523 2294 2613 quod
2335 2543 2410 2591 ea
2461 2520 2743 2612 capitulo
2809 2525 3041 2592 Sancte

801 2636 1021 2708 Crucis
1080 2635 1557 2707 Aurelianensis
1611 2635 1861 2727 integre
1927 2637 2166 2707 contuli
2242 2652 2550 2729 perpetuo
2625 2639 3038 2728 possidenda.

800 2755 971 2824 Idem
1010 2768 1158 2823 vero
1220 2751 1566 2843 capitulum
1621 2773 1849 2823 omnes
1907 2772 2130 2823 eorum
2178 2764 2524 2843 proventus
2553 2749 2740 2824 annis
2771 2751 3041 2844 singulis

800 2866 1130 2938 canonicis
1169 2864 1462 2936 distribui
1506 2864 1717 2950 faciet,
1759 2865 1868 2957 qui
1906 2868 2105 2956 patris
2145 2864 2268 2935 mei
2309 2878 2373 2936 et
2411 2868 2632 2936 matris
2674 2888 2815 2937 mee
2854 2870 3039 2936 anni-

801 2983 1077 3052 versaria
1118 2978 1255 3050 suis
1295 2979 1691 3070 temporibus
1709 2982 2148 3051 celebrabunt.
2177 2978 2494 3070 Acquisivi
2525 2993 2739 3051 autem
2777 2979 2841 3049 in
2878 2980 3042 3051 dicta

803 3093 1134 3186 parrochia
1201 3115 1431 3164 omnes
1499 3092 1779 3163 minutas
1840 3092 2125 3164 decimas
2191 3114 2561 3185 porcorum,
2619 3096 2923 3164 vellerum
2984 3107 3047 3164 et

802 3227 1143 3300 agnorum,
1209 3227 1437 3278 ornnes
1490 3205 1853 3278 oblationes
1890 3206 1956 3276 in
2018 3210 2182 3278 festo
2258 3206 2560 3277 Omnium
2639 3212 3049 3289 Sanctorum,

806 3343 1035 3394 omnes
1093 3320 1451 3392 oblationes
1512 3320 1574 3390 in
1634 3323 1799 3391 festo
1869 3319 2072 3391 sancti
2137 3321 2379 3391 Martini
2445 3321 2744 3412 hyemali,
2823 3344 3049 3394 omnes

807 3436 1166 3509 oblationes
1214 3435 1279 3505 in
1333 3434 1532 3506 Natali
1579 3434 1867 3520 Domini,
1921 3458 2149 3507 omnes
2192 3435 2552 3507 oblationes
2591 3435 2652 3505 in
2701 3436 3052 3528 Epiphania

806 3550 1094 3634 Domini,
1165 3571 1391 3621 omnes
1457 3551 1822 3620 oblationes
1887 3548 1951 3619 in
2019 3548 2467 3621 purificatione
2527 3553 2710 3621 beate
2748 3550 3048 3642 Virginis,

808 3669 932 3737 hoc
957 3679 1224 3756 excepto
1258 3665 1704 3734 tantummodo
1731 3665 1930 3755 quod,
1962 3662 2022 3733 in
2056 3663 2372 3734 dictorum
2409 3668 2714 3736 iestornm
2737 3664 3046 3755 quolibet,

812 3793 1131 3871 pretaxate
1162 3777 1306 3849 ville
1339 3777 1653 3870 presbiter
1683 3801 1794 3848 sex
1821 3779 2122 3849 denarios
2146 3801 2259 3869 pro
2286 3777 2577 3850 convivio
2601 3802 2747 3861 suo,
2767 3793 2829 3849 et
2853 3801 3046 3849 unum

810 3895 1142 3964 denarium
1204 3914 1316 3983 pro
1379 3915 1497 3962 suo
1565 3894 1827 3975 clerico,
1897 3905 1961 3962 et
2000 3895 2162 3962 duos
2205 3891 2502 3963 denarios
2535 3914 2648 3985 pro
2687 3892 2955 3964 incenso
2983 3906 3046 3963 et

818 4004 1014 4076 nichil
1051 4008 1330 4096 amplius
1371 4007 1450 4076 de
1480 4021 1734 4076 moneta
1778 4005 2046 4097 percipit
2076 4007 2376 4077 cursuali.
2420 4011 2547 4078 Hec
2585 4022 2800 4077 autem
2839 4005 3047 4077 omnia

809 4145 844 4192 a
887 4125 1072 4191 Petro
1132 4122 1212 4190 de
1265 4121 1514 4190 Oliveto
1553 4119 1778 4204 milite,
1835 4133 1899 4190 et
1935 4123 2015 4191 ab
2063 4120 2353 4192 Alb‘erico
2413 4119 2674 4191 Lisiardi
2732 4121 2954 4205 milite,
2987 4133 3048 4192 et

810 4260 843 4306 a
897 4237 1213 4306 Herberto
1272 4233 1536 4304 Bousier
1589 4233 1818 4319 milite,
1867 4250 1930 4305 et
1966 4259 2000 4306 a
2031 4234 2175 4305 filiis
2205 4234 2553 4306 Theobaldi
2596 4236 2675 4306 de
2719 4234 3047 4307 Soleniaco

812 4348 1198 4439 comparavi.
1269 4352 1485 4418 Preter
1555 4352 1674 4419 hec
1739 4362 1953 4419 autem
2016 4351 2174 4419 duas
2244 4363 2455 4441 partes
2521 4373 2755 4440 panum
2818 4348 3047 4420 Natalis

812 4461 1097 4546 Domini,
1132 4476 1197 4531 et
1225 4465 1383 4532 duas
1425 4476 1638 4553 partes
1680 4465 1926 4533 minute
1961 4463 2212 4535 decime
2242 4486 2609 4555 porcorum,
2654 4466 2956 4534 vellerum
2985 4476 3047 4532 ct

816 4598 1150 4666 agnorum,
1182 4589 1247 4646 et
1278 4578 1438 4646 duas
1470 4590 1685 4668 partes
1711 4579 2048 4647 obolorum
2078 4575 2188 4668 qui
2225 4577 2523 4649 dicuntur
2548 4575 2718 4649 oboli
2749 4577 3047 4669 Rogatio-

819 4713 998 4778 uum,
1048 4712 1173 4788 que
1228 4689 1441 4764 omnia
1500 4692 1814 4769 habebam
1855 4693 1920 4765 in
1965 4691 2296 4795 parrochia
2337 4692 2548 4769 Sancti
2589 4691 2831 4774 Martini
2863 4712 3049 4798 super
