3485 5571
1364 676 1723 739 —513-

415 804 729 899 impositi,
774 807 1031 897 penitus
1059 802 1395 876 deliberari
1426 806 1662 876 debere
1703 826 1781 875 ac
1809 800 2114 878 liberatos
2153 826 2299 876 esse
2354 826 2466 895 per
2502 800 2671 876 ordi-

416 917 759 991 nacionem
821 916 1198 1010 predictam,
1249 916 1482 1009 quibus
1544 916 1947 988 ordinacioni
2016 931 2080 987 et
2145 914 2675 1009 pronunciacioni

416 1056 722 1124 expresse
761 1029 1093 1105 consensit
1131 1033 1302 1102 idem
1343 1033 1648 1101 dominus
1687 1029 2060 1123 episcopus,
2115 1045 2179 1102 et
2217 1029 2575 1114 ratificavit,
2610 1043 2676 1101 et

415 1146 858 1240 comprobavit
882 1150 1169 1219 easdem.
1211 1150 1369 1216 Item
1401 1169 1548 1216 cum
1597 1159 1825 1237 gentes
1868 1143 2070 1236 ipsius
2103 1143 2344 1216 domini
2385 1142 2671 1236 episcopi

417 1262 775 1355 cepissent,
818 1276 888 1333 ut
918 1264 1276 1344 dicebatur,
1333 1263 1657 1352 quendam
1698 1258 2006 1331 clericum
2037 1260 2102 1329 in
2141 1258 2526 1351 appenditiis
2557 1282 2674 1329 seu

417 1374 817 1448 stationariis
856 1380 1101 1447 Domus
1138 1373 1253 1446 Dei
1284 1372 1788 1456 AurelianensiS,
1824 1395 2046 1444 versus
2077 1387 2326 1465 portam
2362 1371 2674 1443 Parisien-

419 1513 587 1574 sem,
648 1488 756 1581 qui
810 1489 1165 1580 deliquisse
1223 1488 1556 1560 dicebatur
1605 1487 1671 1559 in
1711 1486 1883 1559 dicto
1923 1490 2065 1559 loco
2132 1490 2196 1558 in
2244 1511 2371 1578 quo
2433 1485 2673 1557 dictum

418 1602 771 1694 capitulum
810 1602 1247 1673 omnimodam
1303 1586 1616 1693 justitiam
1678 1604 2095 1693 temporalem
2141 1604 2376 1672 habere
2417 1598 2674 1684 dicitur,

421 1717 578 1790 item
628 1732 693 1790 et
730 1720 1051 1808 quendam
1098 1718 1330 1788 laicum
1382 1740 1495 1809 per
1531 1730 1759 1808 gentes
1796 1714 2018 1808 prelati
2076 1713 2317 1795 domini
2363 1713 2675 1806 episcopi,

423 1846 493 1902 ut
522 1834 952 1915 asserebatur,
1000 1844 1257 1923 captum
1295 1828 1360 1899 in
1400 1828 1539 1902 vico
1564 1832 1645 1901 de
1679 1835 1888 1921 Burgo
1906 1834 2102 1912 Novo,
2140 1827 2243 1899 ubi
2279 1827 2679 1920 sepedictum

423 1944 778 2038 capitulum
819 1944 1112 2017 similiter
1158 1946 1598 2016 omnimodam
1641 1948 1839 2015 fertur
1889 1942 2377 2036 jurisdicionem
2434 1958 2682 2035 tempo-

425 2064 626 2132 ralem
696 2062 959 2144 babere,
1025 2063 1307 2151 prefatus
1368 2059 1580 2131 dictus
1646 2060 2020 2151 episcopus,
2080 2063 2199 2130 hos
2261 2063 2427 2132 duos
2493 2081 2683 2129 casus

425 2175 697 2246 minime
746 2177 1097 2261 ratifican3‚
1152 2197 1265 2265 eos
1335 2177 1595 2266 penitus
1643 2176 1991 2261 revocavit,
2027 2197 2100 2246 ac
2154 2175 2440 2266 precepit
2475 2174 2683 2244 dictos

425 2289 738 2361 clericum
779 2302 843 2359 et
884 2288 1113 2359 laicum
1154 2288 1400 2360 restitui
1450 2287 1732 2380 capitulo
1778 2289 2175 2380 supradicto.
2233 2287 2365 2359 Hiis
2407 2312 2553 2361 vero
2594 2287 2690 2360 sic

423 2405 597 2476 actis
635 2417 1058 2474 memoratum
1101 2402 1449 2495 capitulum
1491 2407 1569 2473 ab
1609 2406 1966 2476 adhesione
1991 2427 2184 2495 quam
2210 2405 2381 2476 dicte
2407 2406 2690 2496 appella·

426 2517 592 2590 tioni
660 2519 980 2589 dictorum
1042 2520 1648 2589 archidiaconorum
1695 2522 1936 2590 lecerat
1988 2517 2236 2590 destitit
2302 2517 2566 2609 penitus
2628 2542 2696 2599 et

426 2630 732 2704 cessavit.
768 2636 992 2702 Actum
1033 2630 1098 2702 in
1147 2630 1319 2703 dicto
1383 2634 1688 2724 capitulo,
1734 2656 1928 2715 anno,
1980 2655 2230 2717 mense,
2296 2634 2422 2720 die,
2478 2633 2691 2705 indic-

425 2748 608 2820 tione
648 2760 711 2818 et
751 2746 1123 2840 pontificatu
1152 2746 1481 2840 predictis,
1524 2747 1935 2840 presentibus
1975 2747 2131 2819 inibi
2184 2747 2483 2820 discretis
2542 2747 2694 2820 viris

428 2860 765 2954 magistris
806 2862 1180 2945 Benedicto,
1225 2865 1552 2955 capicerio
1609 2864 1814 2935 sancti
1868 2863 2035 2935 Petri
2076 2865 2368 2937 Virorum
2417 2865 2695 2935 Aurelia-

426 2976 683 3061 nensiS,
725 2990 789 3048 et
811 2979 1078 3048 domino
1106 2975 1442 3049 Guillelmo
1467 2977 1721 3063 Juveni,
1754 2977 2292 3071 archipresbitero
2318 2978 2691 3064 Pitverensi,

426 3107 493 3165 et
553 3090 843 3183 Phiiippo
905 3093 985 3162 de
1043 3089 1304 3176 Roncia,
1364 3095 1631 3178 clerico,
1695 3094 1975 3166 testibus
2035 3097 2116 3166 ad
2176 3098 2298 3165 hoc
2348 3093 2590 3167 vocatis
2630 3107 2694 3166 et

425 3203 672 3296 rogatis
713 3227 859 3275 cum
901 3204 1160 3277 domino
1201 3205 1509 3298 episcopo
1540 3221 1604 3279 et
1634 3207 1914 3300 capitulo
1955 3207 2363 3300 supradictis.

520 3323 597 3390 Et
630 3343 750 3412 ego
791 3323 1168 3392 Guillelmus
1207 3324 1288 3393 de
1324 3323 1891 3409 Boscocommuni,
1936 3323 2332 3396 Senonensis
2384 3323 2690 3411 diocesiS,

426 3433 732 3515 clericus,
777 3434 1154 3506 auctoritate
1204 3452 1617 3510 sacrosancte
1661 3441 1945 3511 Romane
1975 3441 2254 3511 ecclesie
2295 3439 2589 3532 publicus
2629 3454 2691 3511 et

428 3547 911 3622 Aurelianensis
941 3547 1117 3623 curie
1137 3554 1451 3637 notariuS,
1473 3552 1806 3644 premissis
1834 3555 2092 3644 prelatis
2119 3567 2382 3626 vocatus
2403 3555 2683 3646 interfui,

428 3687 832 3757 presensque
899 3667 1019 3735 boc
1095 3664 1595 3737 instrumentum
1673 3671 1998 3757 publicum
2085 3667 2235 3740 inde
2325 3673 2688 3741 confectum

432 3779 690 3874 propria
741 3804 931 3851 manu
988 3780 1242 3873 scripsi,
1312 3795 1375 3852 et
1432 3779 1495 3852 in
1549 3785 1715 3853 hanc
1771 3783 2088 3873 publicam
2137 3778 2405 3857 formam
2445 3786 2688 3877 redegi,

437 3918 714 3986 meoque
754 3907 1065 3967 consueto
1097 3894 1283 3986 signo
1316 3896 1560 3987 signavi
1602 3911 1886 3989 rogatus,

664 4823 806 4876 utu.
843 4835 968 4875 xxx.
2443 4821 2514 4876 33
