3485 5571
1316 682 1396 695 ..
1440 648 1558 712 445
1601 683 1676 693 .-

373 779 605 846 derunt
632 791 694 847 et
726 775 1193 867 imperpetuum
1233 780 1490 868 penitus
1515 780 1920 868 quitaverunt
1953 777 2103 848 viris
2144 776 2615 849 venerabilibus

369 892 616 961 decano
654 903 719 960 et
746 890 1024 983 capitulo
1059 890 1626 962 Aurelianensibus
1668 914 1781 981 pro
1822 890 2036 983 precio
2077 907 2338 963 centum
2375 894 2620 963 solido-

372 1027 512 1073 rum
576 1003 1049 1095 parisiensium,
1111 1008 1191 1076 de
1253 1006 1490 1096 quibus
1547 1004 1671 1096 ipsi
1724 1004 2091 1077 venditores
2143 1029 2214 1077 se
2272 1019 2620 1077 tenuerunt

373 1139 587 1187 coram
628 1139 748 1187 nos
780 1117 1025 1208 integre
1054 1140 1167 1208 pro
1196 1118 1442 1209 pagatis
1469 1118 1530 1187 in
1559 1116 1832 1208 pecunia
1863 1132 2218 1208 numerata,
2251 1100 2614 1210 exceptioni

372 1253 501 1301 non
534 1244 864 1301 numerate
899 1245 963 1301 et
1004 1254 1132 1302 non
1174 1247 1430 1322 recepte
1477 1234 1748 1323 pecunie
1778 1231 2232 1303 renunciantes
2269 1234 2528 1323 penitus
2557 1244 2623 1303 et

370 1364 701 1433 expresse,
752 1343 1204 1436 promittentes
1255 1344 1407 1415 dicti
1466 1349 1791 1417 Jobannes
1849 1359 1914 1416 et
1963 1344 2196 1417 Ysania
2262 1368 2376 1437 per
2431 1347 2622 1415 fidem

370 1480 554 1528 suam
615 1457 1029 1549 corporaliter
1068 1458 1424 1550 prestitam.
1469 1473 1534 1530 et
1594 1460 1806 1530 dictus
1869 1460 2246 1532 Guillelmus
2299 1482 2414 1550 per
2454 1461 2625 1550 jura-

369 1584 661 1641 mentum
701 1595 887 1642 suum
928 1595 1141 1644 coram
1191 1574 1380 1645 nobis
1418 1574 1787 1665 prestitum,
1830 1575 1998 1664 quod
2045 1572 2288 1644 «lictum
2323 1585 2620 1660 tractum,

369 1684 637 1775 quilibet
679 1710 791 1777 pro
831 1701 964 1758 rata
1002 1711 1143 1774 sua,
1202 1687 1508 1780 predictis
1556 1690 1802 1759 decano
1866 1702 1930 1758 et
1969 1687 2250 1779 capitulo
2303 1689 2370 1758 in
2430 1710 2626 1758 manu

370 1811 622 1870 mortua
660 1799 942 1892 legitime
990 1801 1375 1885 liberabunt,
1423 1801 1785 1893 garentient
1822 1815 1885 1872 et
1933 1803 2306 1873 deffendent
2344 1804 2422 1872 ad
2463 1825 2621 1872 usus

371 1926 435 1985 et
473 1916 982 1987 consuetudines
1009 1916 1209 2006 patrie
1234 1914 1708 2008 imperpetuum
1753 1929 1974 1987 contra
2005 1938 2234 1987 omnes
2265 1942 2283 2001 ;
2317 1918 2624 2007 promise·

369 2045 523 2100 runt
560 2030 751 2102 etiam
792 2054 905 2123 per
951 2034 1141 2103 fidem
1194 2047 1258 2105 et
1289 2035 1726 2124 juramentum
1771 2032 2154 2124 predictum,
2192 2035 2365 2123 quod
2421 2032 2474 2102 si
2514 2030 2628 2102 ali·

368 2148 519 2236 quis
547 2162 880 2238 appareret
919 2148 1025 2237 qui
1065 2147 1604 2247 dictum-tractum
1634 2147 1879 2220 diceret
1912 2170 2060 2219 esse
2085 2152 2164 2218 de
2197 2146 2482 2220 dominio
2511 2169 2624 2218 seu

366 2262 566 2331 leudo
592 2283 734 2346 suo,
772 2275 837 2332 et
866 2260 1074 2333 dictos
1114 2263 1430 2334 decanum
1473 2275 1537 2333 et
1579 2262 1928 2354 capitulum
1971 2285 2167 2353 super
2211 2260 2381 2332 dicto
2427 2274 2631 2332 tractu

369 2372 432 2443 in
472 2374 689 2465 aliquo
729 2378 1124 2460 molestaret,
1156 2378 1327 2466 quod
1368 2375 1493 2468 ipsi
1525 2379 1789 2447 eosdem
1832 2379 2146 2447 decanum
2188 2388 2253 2446 et
2278 2374 2627 2465 capitulum

367 2511 519 2579 erga
562 2487 771 2580 ipsum
804 2503 867 2560 et
891 2512 1121 2561 omnes
1148 2489 1308 2560 alios
1348 2503 1677 2561 servarent
1715 2489 2100 2581 indempnes
2138 2504 2202 2560 et
2240 2492 2453 2559 honus
2495 2488 2622 2558 litis

371 2600 434 2672 in
477 2625 550 2673 se
590 2601 997 2693 susciperent
1049 2603 1184 2675 suis
1236 2602 1515 2697 propriis
1553 2603 1920 2695 sumptibus
1965 2618 2029 2675 et
2084 2603 2410 2695 expensis,
2467 2605 2629 2673 obli-

369 2730 600 2808 gantes
639 2731 948 2808 quantum
980 2720 1061 2789 ad
1092 2721 1213 2791 hoc
1256 2741 1327 2790 se
1368 2733 1433 2790 et
1466 2721 1739 2791 heredes
1776 2741 1929 2790 suos
1960 2736 2024 2789 et
2053 2717 2268 2790 omnia
2307 2720 2474 2788 bona
2504 2741 2619 2789 sua

370 2829 633 2902 mobilia
672 2845 737 2903 et
771 2831 1147 2918 immobilia,
1191 2832 1513 2925 presentia
1546 2847 1612 2904 et
1637 2836 1886 2917 lutura3
1928 2846 1992 2904 et
2017 2846 2325 2921 quantum
2366 2833 2445 2902 ad
2478 2853 2621 2922 pre·

371 2943 611 3016 dictam
650 2944 1028 3036 garentiam,
1064 2960 1127 3017 ut
1182 2946 1423 3018 dictum
1455 2960 1581 3031 est,
1610 2949 1973 3018 faciendam
2027 2943 2329 3036 predictis
2369 2945 2615 3016 decano

372 3075 438 3130 et
490 3061 796 3152 capitulo,
842 3063 1181 3134 Gausridus
1234 3066 1312 3134 de
1369 3067 1697 3155 PlesseyO,
1736 3066 1927 3133 lrater
1966 3062 2119 3134 dicti
2170 3060 2511 3146 Johannis,
2562 3078 2625 3135 et

375 3177 666 3249 Robinus
697 3180 776 3249 de
809 3177 1151 3264 Livercois,
1198 3182 1392 3250 frater
1430 3180 1750 3249 dictorum
1779 3179 2013 3249 Ysanie
2046 3191 2109 3249 et
2137 3177 2475 3261 Guillelmi,
2509 3198 2624 3268 pro

375 3291 541 3383 ipsis
590 3291 1024 3363 venditoribus
1061 3307 1126 3363 et
1165 3295 1242 3363 ad
1284 3316 1508 3365 eorum
1556 3291 2048 3384 requisitionem
2080 3315 2230 3382 erga
2261 3291 2468 3362 dictos
2524 3293 2635 3362 de·

375 3390 611 3477 canum
651 3420 715 3476 et
753 3409 1107 3498 capitulum
1162 3431 1233 3478 se
1272 3409 1749 3478 constituerunt
1789 3408 1912 3478 lide
1962 3406 2171 3479 media
2210 3408 2628 3497 fidejussores

375 3522 454 3590 ad
499 3543 657 3590 usus
696 3534 759 3591 et
791 3520 1295 3592 consuetudines
1329 3521 1844 3593 Aurelianenses.
1891 3524 2184 3591 Preterea
2221 3523 2512 3590 Johanna
2549 3523 2627 3591 de

381 3636 590 3706 Bosco
634 3634 858 3718 Gaudi‚
902 3649 1101 3707 mater
1149 3634 1464 3707 dictorum
1514 3634 1751 3706 Ysanie
1785 3648 1851 3705 et
1898 3633 2238 3720 Guillelmi,
2290 3633 2354 3704 in
2406 3646 2627 3704 nostra

381 3750 710 3839 presentia
748 3748 1119 3834 constituta,
1160 3747 1530 3819 dotalicium
1569 3750 1737 3839 quod
1781 3750 2056 3818 babebat
2094 3750 2159 3817 in
2203 3746 2374 3818 dicto
2427 3761 2632 3818 tractu

383 3859 691 3951 predictis
741 3865 988 3933 decano
1027 3875 1091 3933 et
1120 3864 1402 3954 capitulo
1440 3864 1710 3953 quitavit
1741 3860 2210 3953 imperpetuum
2245 3875 2307 3932 et
2359 3859 2632 3948 dimisit,

384 3989 449 4045 et
490 3977 790 4066 promisit
828 3998 943 4068 per
988 3980 1178 4047 fidem
1234 4000 1417 4048 suam
1472 3974 1887 4067 corporaliter
1949 3974 2280 4066 prestitam
2334 3977 2505 4065 quod
2563 3972 2629 4044 in

386 4087 560 4160 dicto
598 4101 829 4172 tractu,
885 4089 1130 4162 ratione
1171 4088 1454 4161 dotalicii
1492 4092 1593 4160 vel
1641 4089 1788 4172 alia,
1841 4086 2037 4160 nichil
2084 4091 2384 4161 decetero
2437 4091 2637 4160 recla-

387 4203 611 4274 mabit.
656 4206 1119 4276 Renuntiantes
1157 4217 1328 4276 etc...
1381 4208 1449 4275 In
1491 4207 1676 4296 cujus
1707 4202 1797 4276 rei
1834 4202 2206 4275 memoriam
2246 4217 2311 4274 et
2350 4202 2637 4275 testimo·

390 4317 571 4388 nium
611 4316 893 4409 sigillum
928 4318 1403 4391 Aurelianensis
1434 4318 1609 4390 curie
1636 4316 1866 4389 litteris
1891 4319 2299 4409 presentibus
2337 4316 2632 4387 dux-imus

389 4435 866 4523 apponendum.
931 4437 1165 4503 Datum
1230 4456 1399 4504 anno
1454 4431 1709 4503 Domini
1775 4431 2115 4503 millesimo
2189 4430 2634 4502 ducentesimo

391 4547 867 4638 septuagesimo
919 4561 1125 4631 sextO,
1181 4548 1285 4619 die
1340 4545 1589 4617 veneris
1640 4560 1784 4636 post
1822 4547 2084 4616 octabas
2138 4542 2340 4614 sancti
2390 4540 2636 4613 Martini

392 4660 725 4751 hyemalis,
772 4683 995 4732 mense
1022 4658 1412 4732 novembris.
2102 4661 2373 4729 Trionis·
