3485 5571
1402 677 1760 740 ..237-

449 811 690 879 Sancte
728 804 949 878 Crucis
991 807 1090 876 vel
1153 804 1218 875 in
1261 802 1399 897 ipsa
1450 804 1711 896 majoria
1759 807 1857 875 vel
1921 803 2223 895 predictis
2287 807 2480 876 rebus
2531 804 2702 887 aliis,

447 920 592 1013 ipse
630 922 728 992 vel
760 922 1071 991 heredum
1136 941 1398 991 suorum
1465 917 1696 1009 aliquis
1761 916 1955 989 nichil
2018 917 2281 990 omnino
2329 920 2565 1009 poterit
2623 922 2703 991 de

446 1048 670 1106 cetero
694 1035 1065 1115 reclamare,
1096 1036 1220 1105 hoc
1251 1045 1462 1105 tamen
1491 1046 1761 1123 excepto
1799 1034 1997 1123 quod,
2026 1031 2087 1102 in
2127 1030 2500 1103 nemoribus
2530 1055 2703 1125 capn-

446 1146 567 1218 tuli
609 1147 891 1220 Sarcotis
920 1145 1253 1239 proximis,
1293 1146 1620 1218 usuarium
1663 1169 1854 1217 suum
1893 1148 2017 1218 hoc
2071 1159 2293 1217 tenore
2342 1146 2463 1218 sibi
2543 1146 2701 1218 deti-

446 1261 618 1347 nuit,
664 1263 833 1353 quod
896 1284 1224 1353 nunquam
1286 1265 1409 1332 hoc
1451 1260 1776 1332 usuarium
1841 1259 2182 1343 dividetur,
2261 1264 2374 1332 sed
2447 1282 2706 1353 semper

447 1378 531 1448 de
564 1399 947 1470 possessore
999 1376 1190 1447 unico
1244 1377 1323 1447 ad
1386 1377 1645 1447 unicum
1725 1374 2021 1446 deveniet
2096 1397 2569 1449 successorem.
2634 1373 2700 1445 Si

446 1514 605 1562 vero
676 1502 901 1562 eadem
945 1512 1205 1561 nemora
1246 1491 1522 1561 vendere
1562 1487 1841 1580 capitulo
1876 1488 2209 1579 placuerit,
2248 1512 2573 1580 nunquam
2623 1491 2703 1559 ab

444 1608 735 1677 Auberto
790 1607 888 1676 vel
938 1607 1080 1695 ejus
1143 1603 1630 1676 successoribus
1700 1605 1930 1674 horum
2009 1602 2291 1674 venditio
2361 1625 2700 1675 nemorum

447 1717 689 1811 poterit
740 1717 1121 1802 contradici,
1164 1720 1303 1804 sed,
1349 1731 1672 1789 transacto
1714 1731 1863 1808 post
1901 1732 2226 1809 peractam
2266 1716 2701 1789 venditionem

443 1832 918 1925 quinquennio,
956 1834 1036 1904 ad
1077 1831 1402 1904 usuarium
1444 1855 1634 1902 suum
1659 1831 1827 1903 sicut
1864 1846 2050 1904 antea
2091 1831 2290 1903 libere
2320 1846 2697 1904 revertetur.

442 1950 635 2019 Nullo
674 1962 889 2019 tamen
931 1946 1033 2019 die
1072 1968 1413 2038 possessor
1438 1945 1675 2016 usuarii
1702 1945 1979 2038 amplius
2010 1969 2200 2038 quam
2228 1949 2437 2039 {unam
2478 1946 2703 2018 inillis

444 2062 831 2133 nemoribus
913 2060 1124 2152 capiet
1185 2062 1658 2152 quadrigatam.
1721 2059 1786 2130 Si
1853 2062 2046 2132 etiam
2097 2063 2174 2131 ad
2249 2062 2701 2152 agriculturam

444 2175 591 2268 ipsa
622 2197 888 2247 nemora
927 2174 1217 2266 redigere
1247 2173 1598 2266 capitulum
1620 2176 1917 2258 voluerit,
1962 2197 2084 2247 nec
2104 2173 2166 2245 id
2208 2175 2417 2266 ipsum
2445 2197 2703 2268 posses-

447 2313 565 2362 sor
606 2292 846 2361 usuarii
889 2288 1225 2382 prohibere
1266 2288 1522 2381 poterit,
1566 2288 1783 2360 necin
1823 2303 1992 2360 terra
2051 2287 2251 2360 cultui
2290 2294 2387 2361 vel
2431 2289 2703 2361 edificiis

449 2403 670 2475 dedita
709 2401 949 2494 aliquid
1013 2401 1375 2473 vendicare.
1454 2405 1672 2473 Preter
1746 2405 1866 2473 hec
1912 2415 2126 2473 autem
2176 2401 2399 2494 viginti
2462 2402 2704 2475 solidos

446 2520 818 2601 censuales,
861 2520 970 2608 qui
1011 2540 1127 2608 pro
1167 2530 1332 2587 terra
1371 2516 1589 2587 arabili
1649 2514 1770 2586 sita
1833 2519 2111 2588 Echeliis
2165 2516 2350 2588 annis
2427 2516 2703 2608 singulis

447 2632 735 2725 capitulo
795 2633 1251 2714 reddebantur,
1303 2644 1369 2701 et
1414 2628 1719 2722 quicquid
1770 2628 1832 2699 in
1895 2633 2120 2701 eadem
2180 2646 2370 2715 terra,
2441 2646 2703 2723 excepta

380 2811 383 2812 γ
446 2744 699 2816 minuta
752 2742 999 2816 decima
1034 2757 1097 2815 et
1156 2741 1413 2835 Justicia
1483 2742 1993 2829 christianitatis,
2026 2746 2304 2817 habebat
2353 2745 2702 2837 capitulum

447 2862 737 2931 Auberto
766 2857 1028 2950 quitavit
1064 2856 1321 2949 penitus
1360 2856 1481 2928 sibi
1519 2881 1777 2949 semper
1844 2859 2110 2950 suisque
2209 2862 2703 2931 successoribus

447 2969 904 3041 obtinendum.
962 2969 1189 3042 Villam
1250 2969 1443 3043 etiam
1521 2970 1780 3063 capituli
1858 2995 1982 3063 que
2046 2971 2409 3065 Vilerpions
2476 2973 2703 3064 gallice

450 3096 890 3175 nuncupatur,
919 3097 984 3154 et
1004 3086 1222 3154 omnia
1245 3107 1368 3175 que
1396 3082 1632 3155 ibidem
1673 3087 1771 3155 vel
1794 3083 1859 3154 in
1887 3088 2175 3176 ejusdem
2204 3085 2349 3157 ville
2382 3085 2703 3157 territorio

448 3211 580 3267 tam
636 3195 699 3266 in
739 3196 1102 3268 redditibus
1140 3220 1331 3289 quam
1372 3195 1435 3267 in
1467 3196 1829 3288 hospitibus
1868 3211 1932 3269 et
1974 3201 2168 3270 rebus
2227 3198 2368 3271 aliis
2429 3203 2705 3271 habebat

450 3312 840 3403 capitulum,
884 3324 1147 3401 excepta
1189 3326 1402 3382 tamen
1443 3310 1688 3383 minuta
1728 3311 1977 3382 decima
2027 3326 2091 3384 et
2123 3312 2379 3404 justicia
2410 3313 2703 3384 christia-

451 3424 680 3495 nitatis
719 3447 865 3495 cum
905 3424 1119 3495 altaris
1161 3425 1454 3517 panibuS,
1484 3447 1741 3497 necnon
1771 3439 1837 3497 et
1865 3440 2102 3497 terram
2167 3450 2353 3498 suam
2393 3426 2701 3499 arabilem

450 3561 485 3609 a
543 3540 851 3609 defuncto
916 3541 1193 3610 Roberto
1251 3542 1331 3610 de
1405 3538 1678 3611 Mardeio
1760 3542 2056 3611 collatam
2121 3540 2397 3613 ecclesie
2473 3545 2705 3613 Sancte

457 3651 689 3725 Crucis
730 3675 878 3725 cum
905 3652 1323 3745 herbergagio
1360 3657 1437 3725 ad
1467 3653 1674 3726 villam
1708 3678 1889 3726 suam
1918 3678 2043 3747 que
2073 3660 2466 3748 Tryenayum
2489 3658 2707 3747 appel-

452 3769 648 3852 latur,
693 3770 970 3838 Auberto
1017 3770 1284 3858 suisque
1340 3768 1833 3841 successoribus
1872 3769 1934 3840 in
1978 3785 2356 3862 perpetuum
2414 3773 2706 3842 habenda

451 3903 532 3953 eo
573 3882 766 3951 modo
793 3879 969 3954 dedit
1007 3883 1359 3973 capitulum
1398 3886 1567 3974 quod
1611 3887 1736 3955 hec
1765 3886 1992 3955 eadem
2034 3908 2181 3956 cum
2209 3908 2410 3956 censu
2449 3898 2513 3956 et
2542 3899 2705 3957 terra

454 3998 536 4066 de
592 3994 870 4067 Echeliis
922 4010 1281 4087 prenotata,
1333 4010 1399 4067 et
1474 4001 1865 4088 prefatorum
1908 4021 2251 4070 nemorum
2311 3999 2597 4083 usuario,
2641 4000 2703 4069 in

452 4109 609 4201 ligio
649 4109 1017 4181 successive
1057 4114 1366 4182 tenebunt
1422 4115 1637 4196 feodo,
1679 4127 1744 4183 et
1808 4113 2071 4184 nomine
2134 4113 2391 4205 capituli
2461 4116 2706 4185 decano

457 4228 695 4296 Sancte
739 4222 961 4295 Crucis
1007 4224 1364 4296 hominium
1407 4225 1556 4297 inde
1599 4225 1835 4298 sacient
1872 4226 2042 4299 sicut
2108 4228 2358 4320 ligeitas
2419 4228 2707 4299 noscitur

456 4339 806 4429 postulare.
853 4340 942 4408 Ad
983 4341 1104 4410 hec
1144 4353 1370 4410 notum
1407 4339 1680 4411 facimus
1707 4363 1855 4411 cum
1895 4341 2231 4432 predictis,
2269 4344 2440 4433 quod
2495 4344 2705 4432 ipsum

455 4452 805 4521 Aubertum
837 4464 902 4520 et
933 4473 1191 4522 uxorem
1232 4453 1374 4542 ejus
1413 4474 1559 4522 cum
1584 4451 1729 4523 filiis
1758 4468 1821 4524 et
1853 4455 2105 4524 filiabus
2134 4456 2506 4525 eorumdem
2537 4452 2706 4524 natis

457 4578 521 4635 et
553 4562 920 4647 nascituris,
952 4579 1016 4636 et
1054 4577 1182 4636 tam
1208 4588 1466 4637 omnem
1507 4566 1842 4658 utriusque
1881 4591 2072 4638 sexus
2117 4566 2511 4659 progeniem,
2580 4590 2706 4658 que

457 4679 536 4750 de
553 4692 733 4772 patre
754 4702 874 4751 suo
904 4681 1209 4752 defuncto
1241 4684 1520 4753 Auberto
1547 4680 1838 4753 noscitur
1865 4683 2308 4765 descendisse,
2339 4705 2527 4772 quam
2570 4681 2705 4753 uni·
