3485 5571
1631 676 1985 744 —418—

679 804 876 878 annui
917 805 1204 879 redditus
1232 808 1311 878 ad
1352 805 1587 879 dictam
1635 830 2004 880 mensuram
2043 829 2261 898 quem,
2298 819 2369 878 ut
2406 806 2683 893 dicebat,
2721 809 2922 881 habe-

678 925 786 992 bat
828 920 894 991 in
930 923 1100 992 dicta
1152 935 1329 1013 parte
1363 923 1678 993 dictarum
1724 920 2116 993 decimarum
2167 924 2337 993 htadi
2396 921 2552 994 dicti
2607 922 2931 994 Guiltelmi

675 1033 955 1117 Jodoini,
990 1034 1163 1106 dicto
1200 1033 1653 1108 archidiacono
1692 1034 1990 1107 similiter
2018 1038 2097 1106 ad
2129 1038 2252 1106 hoc
2277 1037 2627 1119 destinato,
2666 1034 2931 1108 nomine

675 1149 994 1221 dictorum
1037 1149 1263 1221 decani
1303 1164 1367 1221 et
1405 1150 1690 1243 capituli,
1719 1149 2146 1222 vendiderunt
2176 1164 2242 1221 et
2268 1168 2739 1223 concesserunt
2766 1152 2929 1242 ipsis

673 1266 920 1335 decano
961 1278 1027 1336 et
1057 1266 1338 1355 capitulo
1380 1278 1687 1357 perpetuo
1717 1263 1982 1356 pacifice
2024 1262 2437 1356 possidenda,
2479 1265 2672 1336 salvis
2709 1279 2928 1337 tamen

670 1377 735 1447 in
777 1379 972 1449 dictis
1016 1377 1287 1454 decimis
1327 1377 1497 1450 bladi
1552 1376 1787 1450 debitis
1824 1393 1892 1451 et
1948 1377 2279 1450 consuetis
2318 1380 2451 1449 hiis
2490 1379 2925 1451 reddeventiis

669 1504 942 1575 tantum,
988 1488 1235 1565 scilicet
1275 1495 1642 1584 presbitero
1672 1495 1753 1564 de
1781 1491 2085 1563 Fontanis
2124 1505 2395 1583 quatuor
2435 1492 2673 1563 modiis
2712 1492 2910 1579 htadi,

672 1603 1061 1678 monialibus
1093 1608 1172 1678 de
1211 1604 1670 1679 Remorantino
1701 1608 1954 1677 duobus
1994 1605 2336 1700 sexter[iis]
2375 1608 2569 1689 bladi,
2612 1619 2676 1677 et
2727 1605 2924 1698 priori

674 1722 753 1790 de
782 1723 1001 1791 Pratea
1042 1734 1290 1812 septem
1353 1719 1696 1812 sexter[iis]
1767 1719 1935 1791 bladi
1987 1723 2068 1791 ad
2115 1720 2350 1791 dictam
2413 1743 2780 1793 mensuram
2841 1722 2923 1792 de

671 1834 976 1906 Fontanis
1014 1837 1309 1907 redditus
1336 1834 1694 1922 annuatim,
1735 1834 1955 1925 precio
1996 1850 2356 1907 trecentum
2398 1849 2461 1906 et
2490 1837 2714 1908 decem
2764 1848 2913 1907 octo

669 1948 971 2020 librarum
1005 1948 1478 2032 turonensium,
1523 1951 1603 2021 de
1662 1946 1899 2041 quihus
1954 1962 2312 2022 trecentum
2367 1964 2434 2021 et
2490 1953 2713 2022 decem
2761 1964 2910 2021 octo

661 2062 849 2134 libris
889 2061 1357 2135 confessisunt
1397 2062 1667 2156 predicti
1698 2087 1927 2136 omnes
1966 2066 2361 2147 venditores,
2408 2077 2538 2136 tam
2570 2062 2682 2134 viri
2723 2087 2913 2156 quam

663 2177 993 2266 mulieres,
1037 2193 1102 2251 et
1141 2183 1422 2249 Herveus
1448 2181 1529 2250 de
1565 2181 1981 2263 Traveciaco,
2048 2180 2258 2261 miles,
2318 2202 2444 2250 una
2503 2202 2651 2250 cum
2719 2178 2916 2250 dictis

664 2296 988 2384 Stephano
1028 2307 1091 2365 et
1119 2293 1438 2384 Philippo,
1482 2292 1546 2363 in
1588 2295 1759 2365 hallo
1798 2292 2002 2385 ipsius
2042 2292 2262 2366 Hervei
2293 2291 2740 2377 existentibuS,
2792 2292 2917 2364 sibi

660 2404 863 2477 tuisse
929 2428 965 2477 a
1026 2404 1220 2477 dictis
1259 2409 1503 2478 decano
1548 2419 1613 2476 et
1682 2404 1964 2498 capitulo
2033 2405 2315 2498 plenarie
2377 2406 2772 2478 satisfactum
2847 2405 2915 2476 in

662 2519 935 2611 pecunia
977 2535 1338 2605 numerata,
1380 2519 1866 2608 renunciantes,
1911 2535 2085 2593 etc...
2131 2522 2468 2613 dictosque
2500 2524 2813 2593 decanum
2847 2535 2914 2592 et

659 2634 1010 2725 capitulum
1037 2657 1113 2706 ex
1150 2633 1337 2707 dictis
1379 2645 1740 2706 trecentum
1777 2649 1841 2706 et
1908 2638 2133 2707 decem
2171 2648 2317 2706 octo
2370 2635 2551 2707 libris
2610 2650 2915 2707 turonen-

659 2747 826 2820 sium
858 2747 922 2819 in
964 2763 1346 2842 perpetuum
1389 2747 1820 2842 quitaverunt.
1862 2752 1934 2820 Et
1960 2753 2040 2822 de
2071 2750 2197 2821 hiis
2236 2748 2538 2823 omnibus
2580 2765 2644 2823 et
2689 2748 2910 2842 singu-

656 2864 739 2936 lis
766 2864 1080 2955 predictis
1114 2865 1596 2938 venditionibus
1658 2865 1811 2937 dicti
1871 2867 2237 2938 venditores
2294 2890 2548 2952 omneS,
2618 2883 2746 2939 tam
2796 2867 2911 2937 viri

657 3003 850 3071 quam
878 2979 1206 3065 mulieres,
1243 3004 1314 3052 se
1357 2979 1786 3052 desaisierunt
1818 2982 1883 3050 in
1926 3004 2118 3052 manu
2159 2980 2312 3051 dicti
2352 2979 2813 3065 archidiaconi,
2841 2994 2906 3052 et

657 3095 1042 3166 existentem
1091 3094 1300 3187 ipsum
1347 3093 1874 3166 archidiaconum
1937 3094 2200 3166 nomine
2255 3109 2319 3167 et
2382 3098 2527 3168 loco
2586 3098 2906 3167 dictorum

658 3209 885 3280 decani
930 3223 994 3281 et
1024 3208 1284 3303 capituli
1323 3208 1601 3281 totaliter
1640 3207 2025 3281 saisiverunt
2052 3224 2117 3281 et
2147 3211 2635 3294 investiverunt,
2693 3225 2755 3282 et
2796 3212 2910 3281 do-

658 3323 955 3409 minium,
990 3327 1124 3415 jus,
1158 3322 1641 3417 possessionem
1697 3337 1762 3396 et
1812 3323 2263 3417 proprietatem
2328 3338 2391 3397 et
2420 3323 2725 3417 quicquid
2765 3327 2909 3417 plus

654 3438 824 3528 juris
863 3436 930 3507 in
969 3441 1277 3510 omnihus
1317 3437 1507 3511 dictis
1550 3437 1819 3509 decimis
1858 3439 2179 3510 habebant
2209 3438 2271 3508 in
2314 3438 2779 3530 presentiarum
2843 3454 2910 3510 et

661 3557 899 3627 habere
939 3568 1233 3648 poterant
1272 3558 1337 3626 in
1372 3557 1777 3646 sepedictum
1807 3555 2328 3627 archidiaconum
2369 3558 2513 3627 loco
2544 3570 2608 3627 et
2648 3555 2907 3627 nomine

659 3669 976 3741 dictorum
1017 3670 1244 3743 decani
1285 3686 1348 3742 et
1380 3668 1661 3763 capituti»
1700 3669 1979 3742 totaliter
2035 3673 2548 3756 transtulerunt3
2616 3685 2680 3742 et
2734 3674 2900 3742 hanc

659 3784 1093 3859 venditionem
1123 3791 1413 3859 fecerunt
1466 3810 1581 3878 pro
1620 3799 1754 3857 rata
1790 3809 1907 3857 sua
1948 3788 2261 3857 dictarum
2294 3791 2587 3858 omnium
2632 3788 2909 3858 decima-

658 3923 799 3971 rum
820 3899 972 3971 dicti
998 3896 1324 3993 Phiiippus
1349 3915 1414 3972 et
1441 3903 1830 3992 Stephanus,
1866 3902 1945 3971 de
1970 3903 2349 3973 auctoritate
2374 3915 2436 3973 et
2459 3924 2730 3973 assensu
2754 3899 2908 3973 dicti

659 4018 907 4102 Hervei,
941 4014 1045 4107 qui
1083 4030 1147 4086 et
1186 4019 1379 4087 frater
1411 4038 1569 4086 suus
1612 4029 2033 4086 asseruerunt
2085 4038 2197 4106 per
2249 4016 2439 4088 fidem
2481 4039 2673 4086 manu
2715 4035 2910 4105 super

658 4134 783 4201 hoc
811 4133 1018 4201 datam
1055 4132 1225 4221 quod
1268 4130 1436 4202 dicta
1475 4143 1608 4200 rata
1648 4129 1938 4220 ipsorum
1988 4128 2266 4224 Philippi
2327 4143 2391 4201 et
2465 4129 2768 4221 Stephani
2826 4130 2909 4199 de

657 4243 845 4315 dictis
876 4245 1145 4316 decimis
1185 4257 1318 4316 erat
1348 4243 1595 4314 inutilis
1622 4243 1748 4335 ipsi
1778 4246 2103 4336 Stephano
2130 4258 2195 4315 et
2217 4243 2538 4336 Philippo,
2571 4246 2907 4335 etjurave-

651 4372 800 4430 runt
839 4358 959 4450 ipsi
988 4363 1267 4431 Herveus
1305 4372 1367 4430 et
1420 4361 1610 4428 frater
1665 4360 1805 4449 ejus
1856 4380 2052 4449 super
2107 4370 2328 4429 sancta
2381 4356 2494 4429 Dei
2562 4360 2903 4449 Evangelia

655 4474 825 4562 quod
854 4472 1071 4564 junior
1109 4472 1396 4564 ipsorum
1457 4469 1730 4562 Philippi
1772 4484 1836 4541 et
1902 4469 2207 4562 Stephani
2247 4471 2568 4542 decimum
2609 4484 2903 4562 quartum

652 4610 891 4658 annum
944 4600 1008 4659 et
1056 4586 1332 4679 amplius
1394 4587 1849 4676 compleverat.
1919 4589 2110 4656 Mater
2172 4608 2318 4657 vero
2369 4585 2523 4655 dicti
2576 4585 2903 4656 Guillelmi

650 4700 906 4777 Jodoini
946 4700 1149 4772 dictas
1189 4698 1593 4772 venditiones
1619 4700 1816 4771 voluit
1865 4713 1929 4771 et
1971 4698 2297 4772 concessit
2334 4704 2625 4771 ettotam
2656 4702 2899 4787 dotem,
