<?xml version="1.0" encoding="UTF-8"?>
<!DOCTYPE html PUBLIC "-//W3C//DTD XHTML 1.0 Transitional//EN"
    "http://www.w3.org/TR/xhtml1/DTD/xhtml1-transitional.dtd">
<html xmlns="http://www.w3.org/1999/xhtml" xml:lang="en" lang="en">
 <head>
  <title>
</title>
<meta http-equiv="Content-Type" content="text/html;charset=utf-8" />
  <meta name='ocr-system' content='tesseract 3.04.00' />
  <meta name='ocr-capabilities' content='ocr_page ocr_carea ocr_par ocr_line ocrx_word'/>
</head>
<body>
  <div class='ocr_page' id='page_1' title='image "./cartulairedesai00thilgoog_0250.png"; bbox 0 0 3485 5571; ppageno 0'>
   <div class='ocr_carea' id='block_1_1' title="bbox 1746 552 2102 616">
    <p class='ocr_par' dir='ltr' id='par_1_1' title="bbox 1746 552 2102 616">
     <span class='ocr_line' id='line_1_1' title="bbox 1746 552 2102 616; baseline 0 -16"><span class='ocrx_word' id='word_1_1' title='bbox 1746 552 2102 616; x_wconf 71' lang='lat'><strong>..102-</strong></span> 
     </span>
    </p>
   </div>
   <div class='ocr_carea' id='block_1_2' title="bbox 800 678 3069 4105">
    <p class='ocr_par' dir='ltr' id='par_1_2' title="bbox 800 678 3069 4105">
     <span class='ocr_line' id='line_1_2' title="bbox 801 678 3051 774; baseline 0.002 -26"><span class='ocrx_word' id='word_1_2' title='bbox 801 678 1164 763; x_wconf 79' lang='lat' dir='ltr'><strong>dileximus,</strong></span> <span class='ocrx_word' id='word_1_3' title='bbox 1206 692 1270 752; x_wconf 90' lang='lat' dir='ltr'><strong>et</strong></span> <span class='ocrx_word' id='word_1_4' title='bbox 1303 682 1592 771; x_wconf 80' lang='lat' dir='ltr'><strong>ejusdem</strong></span> <span class='ocrx_word' id='word_1_5' title='bbox 1625 679 1911 773; x_wconf 84' lang='lat' dir='ltr'><strong>episcopi</strong></span> <span class='ocrx_word' id='word_1_6' title='bbox 1939 684 2312 754; x_wconf 78' lang='lat' dir='ltr'><strong>honoratam</strong></span> <span class='ocrx_word' id='word_1_7' title='bbox 2348 704 2688 774; x_wconf 78' lang='lat' dir='ltr'><strong>personam</strong></span> <span class='ocrx_word' id='word_1_8' title='bbox 2713 681 2780 753; x_wconf 92' lang='lat' dir='ltr'><strong>in</strong></span> <span class='ocrx_word' id='word_1_9' title='bbox 2812 696 3051 753; x_wconf 78' lang='lat' dir='ltr'><strong>nosttae</strong></span> 
     </span>
     <span class='ocr_line' id='line_1_3' title="bbox 800 792 3051 888; baseline 0.001 -25"><span class='ocrx_word' id='word_1_10' title='bbox 800 793 1019 885; x_wconf 79' lang='lat' dir='ltr'><strong>gratiae</strong></span> <span class='ocrx_word' id='word_1_11' title='bbox 1058 792 1549 867; x_wconf 79' lang='lat' dir='ltr'><strong>familiaritatem</strong></span> <span class='ocrx_word' id='word_1_12' title='bbox 1586 795 1848 887; x_wconf 90' lang='lat' dir='ltr'><strong>speciali</strong></span> <span class='ocrx_word' id='word_1_13' title='bbox 1882 796 2296 888; x_wconf 60' lang='lat' dir='ltr'><strong>praerogativa</strong></span> <span class='ocrx_word' id='word_1_14' title='bbox 2346 795 2777 888; x_wconf 78' lang='lat' dir='ltr'><strong>suscepimnS,</strong></span> <span class='ocrx_word' id='word_1_15' title='bbox 2820 795 2938 888; x_wconf 89' lang='lat' dir='ltr'><strong>ipsi</strong></span> <span class='ocrx_word' id='word_1_16' title='bbox 2981 814 3051 867; x_wconf 90' lang='lat' dir='ltr'><strong>et</strong></span> 
     </span>
     <span class='ocr_line' id='line_1_4' title="bbox 803 908 3052 1002; baseline 0.001 -23"><span class='ocrx_word' id='word_1_17' title='bbox 803 908 1291 981; x_wconf 87' lang='lat' dir='ltr'><strong>successoribus</strong></span> <span class='ocrx_word' id='word_1_18' title='bbox 1317 912 1457 1001; x_wconf 87' lang='lat' dir='ltr'><strong>ejus</strong></span> <span class='ocrx_word' id='word_1_19' title='bbox 1488 908 1554 982; x_wconf 93' lang='lat' dir='ltr'><strong>in</strong></span> <span class='ocrx_word' id='word_1_20' title='bbox 1581 924 1959 1002; x_wconf 88' lang='lat' dir='ltr'><strong>perpetuum</strong></span> <span class='ocrx_word' id='word_1_21' title='bbox 1986 913 2303 983; x_wconf 85' lang='lat' dir='ltr'><strong>donamus</strong></span> <span class='ocrx_word' id='word_1_22' title='bbox 2337 925 2401 982; x_wconf 88' lang='lat' dir='ltr'><strong>et</strong></span> <span class='ocrx_word' id='word_1_23' title='bbox 2428 913 2859 984; x_wconf 86' lang='lat' dir='ltr'><strong>condonando</strong></span> <span class='ocrx_word' id='word_1_24' title='bbox 2897 933 3052 982; x_wconf 88' lang='lat' dir='ltr'><strong>con·</strong></span> 
     </span>
     <span class='ocr_line' id='line_1_5' title="bbox 802 1020 3048 1116; baseline 0.001 -24"><span class='ocrx_word' id='word_1_25' title='bbox 802 1020 1094 1093; x_wconf 89' lang='lat' dir='ltr'><strong>cedimus</strong></span> <span class='ocrx_word' id='word_1_26' title='bbox 1135 1024 1304 1113; x_wconf 89' lang='lat' dir='ltr'><strong>quod</strong></span> <span class='ocrx_word' id='word_1_27' title='bbox 1342 1021 1406 1092; x_wconf 87' lang='lat' dir='ltr'><strong>in</strong></span> <span class='ocrx_word' id='word_1_28' title='bbox 1446 1021 1745 1094; x_wconf 84' lang='lat' dir='ltr'><strong>domibus</strong></span> <span class='ocrx_word' id='word_1_29' title='bbox 1794 1023 2300 1116; x_wconf 85' lang='lat' dir='ltr'><strong>episcopalibus,</strong></span> <span class='ocrx_word' id='word_1_30' title='bbox 2331 1038 2476 1114; x_wconf 90' lang='lat' dir='ltr'><strong>post</strong></span> <span class='ocrx_word' id='word_1_31' title='bbox 2502 1026 2843 1095; x_wconf 84' lang='lat' dir='ltr'><strong>decessum</strong></span> <span class='ocrx_word' id='word_1_32' title='bbox 2883 1024 3048 1114; x_wconf 87' lang='lat' dir='ltr'><strong>epis-</strong></span> 
     </span>
     <span class='ocr_line' id='line_1_6' title="bbox 803 1138 3046 1231; baseline 0 -24"><span class='ocrx_word' id='word_1_33' title='bbox 803 1159 1140 1229; x_wconf 87' lang='lat' dir='ltr'><strong>coporum,</strong></span> <span class='ocrx_word' id='word_1_34' title='bbox 1210 1159 1418 1227; x_wconf 83' lang='lat' dir='ltr'><strong>neque</strong></span> <span class='ocrx_word' id='word_1_35' title='bbox 1494 1160 1614 1208; x_wconf 91' lang='lat' dir='ltr'><strong>nos</strong></span> <span class='ocrx_word' id='word_1_36' title='bbox 1690 1161 1901 1229; x_wconf 89' lang='lat' dir='ltr'><strong>neque</strong></span> <span class='ocrx_word' id='word_1_37' title='bbox 1985 1161 2403 1211; x_wconf 86' lang='lat' dir='ltr'><strong>successores</strong></span> <span class='ocrx_word' id='word_1_38' title='bbox 2464 1141 2669 1210; x_wconf 82' lang='lat' dir='ltr'><strong>nostri</strong></span> <span class='ocrx_word' id='word_1_39' title='bbox 2759 1138 3046 1231; x_wconf 87' lang='lat' dir='ltr'><strong>ligneum</strong></span> 
     </span>
     <span class='ocr_line' id='line_1_7' title="bbox 803 1250 3053 1344; baseline 0.001 -22"><span class='ocrx_word' id='word_1_40' title='bbox 803 1251 1111 1344; x_wconf 85' lang='lat' dir='ltr'><strong>deinceps</strong></span> <span class='ocrx_word' id='word_1_41' title='bbox 1150 1275 1265 1324; x_wconf 88' lang='lat' dir='ltr'><strong>seu</strong></span> <span class='ocrx_word' id='word_1_42' title='bbox 1292 1255 1567 1324; x_wconf 82' lang='lat' dir='ltr'><strong>ferreum</strong></span> <span class='ocrx_word' id='word_1_43' title='bbox 1607 1250 1873 1343; x_wconf 89' lang='lat' dir='ltr'><strong>aliquid,</strong></span> <span class='ocrx_word' id='word_1_44' title='bbox 1918 1251 2085 1324; x_wconf 90' lang='lat' dir='ltr'><strong>sicut</strong></span> <span class='ocrx_word' id='word_1_45' title='bbox 2113 1251 2465 1344; x_wconf 88' lang='lat' dir='ltr'><strong>antiquitus</strong></span> <span class='ocrx_word' id='word_1_46' title='bbox 2519 1256 2727 1324; x_wconf 84' lang='lat' dir='ltr'><strong>suerat</strong></span> <span class='ocrx_word' id='word_1_47' title='bbox 2774 1275 3053 1325; x_wconf 90' lang='lat' dir='ltr'><strong>consue-</strong></span> 
     </span>
     <span class='ocr_line' id='line_1_8' title="bbox 806 1366 3046 1461; baseline 0 -23"><span class='ocrx_word' id='word_1_48' title='bbox 806 1383 968 1450; x_wconf 92' lang='lat' dir='ltr'><strong>tum,</strong></span> <span class='ocrx_word' id='word_1_49' title='bbox 1029 1390 1144 1438; x_wconf 89' lang='lat' dir='ltr'><strong>seu</strong></span> <span class='ocrx_word' id='word_1_50' title='bbox 1201 1389 1315 1459; x_wconf 91' lang='lat' dir='ltr'><strong>per</strong></span> <span class='ocrx_word' id='word_1_51' title='bbox 1367 1388 1489 1437; x_wconf 92' lang='lat' dir='ltr'><strong>nos</strong></span> <span class='ocrx_word' id='word_1_52' title='bbox 1539 1389 1655 1438; x_wconf 87' lang='lat' dir='ltr'><strong>seu</strong></span> <span class='ocrx_word' id='word_1_53' title='bbox 1704 1389 1818 1459; x_wconf 90' lang='lat' dir='ltr'><strong>per</strong></span> <span class='ocrx_word' id='word_1_54' title='bbox 1857 1382 2113 1439; x_wconf 89' lang='lat' dir='ltr'><strong>nostros</strong></span> <span class='ocrx_word' id='word_1_55' title='bbox 2182 1366 2636 1439; x_wconf 84' lang='lat' dir='ltr'><strong>ministeriales</strong></span> <span class='ocrx_word' id='word_1_56' title='bbox 2688 1368 3046 1461; x_wconf 89' lang='lat' dir='ltr'><strong>capiemus.</strong></span> 
     </span>
     <span class='ocr_line' id='line_1_9' title="bbox 802 1483 3051 1575; baseline 0.001 -21"><span class='ocrx_word' id='word_1_57' title='bbox 802 1483 1243 1566; x_wconf 88' lang='lat' dir='ltr'><strong>Lectisternia,</strong></span> <span class='ocrx_word' id='word_1_58' title='bbox 1322 1483 1586 1555; x_wconf 83' lang='lat' dir='ltr'><strong>cortinae</strong></span> <span class='ocrx_word' id='word_1_59' title='bbox 1655 1492 1723 1554; x_wconf 85' lang='lat' dir='ltr'><strong>et.</strong></span> <span class='ocrx_word' id='word_1_60' title='bbox 1797 1496 2007 1555; x_wconf 88' lang='lat' dir='ltr'><strong>cetera</strong></span> <span class='ocrx_word' id='word_1_61' title='bbox 2058 1486 2370 1575; x_wconf 82' lang='lat' dir='ltr'><strong>supellex,</strong></span> <span class='ocrx_word' id='word_1_62' title='bbox 2431 1507 2834 1575; x_wconf 85' lang='lat' dir='ltr'><strong>qnaecunque</strong></span> <span class='ocrx_word' id='word_1_63' title='bbox 2885 1488 3051 1556; x_wconf 87' lang='lat' dir='ltr'><strong>solet</strong></span> 
     </span>
     <span class='ocr_line' id='line_1_10' title="bbox 804 1595 3055 1691; baseline 0 -21"><span class='ocrx_word' id='word_1_64' title='bbox 804 1621 953 1670; x_wconf 90' lang='lat' dir='ltr'><strong>esse</strong></span> <span class='ocrx_word' id='word_1_65' title='bbox 993 1601 1071 1670; x_wconf 87' lang='lat' dir='ltr'><strong>ad</strong></span> <span class='ocrx_word' id='word_1_66' title='bbox 1113 1596 1654 1691; x_wconf 84' lang='lat' dir='ltr'><strong>pulchritudinem</strong></span> <span class='ocrx_word' id='word_1_67' title='bbox 1697 1595 1832 1668; x_wconf 91' lang='lat' dir='ltr'><strong>sive</strong></span> <span class='ocrx_word' id='word_1_68' title='bbox 1871 1596 2157 1689; x_wconf 91' lang='lat' dir='ltr'><strong>speciem</strong></span> <span class='ocrx_word' id='word_1_69' title='bbox 2188 1613 2378 1689; x_wconf 88' lang='lat' dir='ltr'><strong>atque</strong></span> <span class='ocrx_word' id='word_1_70' title='bbox 2418 1597 2756 1670; x_wconf 90' lang='lat' dir='ltr'><strong>utilitatem</strong></span> <span class='ocrx_word' id='word_1_71' title='bbox 2815 1601 3055 1671; x_wconf 92' lang='lat' dir='ltr'><strong>domo-</strong></span> 
     </span>
     <span class='ocr_line' id='line_1_11' title="bbox 803 1711 3048 1805; baseline 0 -21"><span class='ocrx_word' id='word_1_72' title='bbox 803 1737 969 1800; x_wconf 91' lang='lat' dir='ltr'><strong>rum,</strong></span> <span class='ocrx_word' id='word_1_73' title='bbox 1040 1727 1106 1785; x_wconf 91' lang='lat' dir='ltr'><strong>et</strong></span> <span class='ocrx_word' id='word_1_74' title='bbox 1164 1711 1467 1803; x_wconf 89' lang='lat' dir='ltr'><strong>quicquid</strong></span> <span class='ocrx_word' id='word_1_75' title='bbox 1529 1712 1793 1783; x_wconf 92' lang='lat' dir='ltr'><strong>omnino</strong></span> <span class='ocrx_word' id='word_1_76' title='bbox 1853 1711 2219 1784; x_wconf 77' lang='lat' dir='ltr'><strong>invenietur</strong></span> <span class='ocrx_word' id='word_1_77' title='bbox 2300 1715 2654 1784; x_wconf 86' lang='lat' dir='ltr'><strong>decedente</strong></span> <span class='ocrx_word' id='word_1_78' title='bbox 2714 1713 3048 1805; x_wconf 89' lang='lat' dir='ltr'><strong>episcopo,</strong></span> 
     </span>
     <span class='ocr_line' id='line_1_12' title="bbox 805 1826 3052 1921; baseline -0.001 -20"><span class='ocrx_word' id='word_1_79' title='bbox 805 1843 1069 1921; x_wconf 83' lang='lat' dir='ltr'><strong>excepto</strong></span> <span class='ocrx_word' id='word_1_80' title='bbox 1126 1826 1303 1899; x_wconf 91' lang='lat' dir='ltr'><strong>omni</strong></span> <span class='ocrx_word' id='word_1_81' title='bbox 1364 1849 1443 1899; x_wconf 90' lang='lat' dir='ltr'><strong>eo</strong></span> <span class='ocrx_word' id='word_1_82' title='bbox 1492 1830 1666 1918; x_wconf 89' lang='lat' dir='ltr'><strong>quod</strong></span> <span class='ocrx_word' id='word_1_83' title='bbox 1720 1829 1799 1898; x_wconf 90' lang='lat' dir='ltr'><strong>de</strong></span> <span class='ocrx_word' id='word_1_84' title='bbox 1852 1838 2118 1919; x_wconf 86' lang='lat' dir='ltr'><strong>argento</strong></span> <span class='ocrx_word' id='word_1_85' title='bbox 2156 1826 2345 1899; x_wconf 84' lang='lat' dir='ltr'><strong>fuerit</strong></span> <span class='ocrx_word' id='word_1_86' title='bbox 2386 1841 2452 1900; x_wconf 87' lang='lat' dir='ltr'><strong>et</strong></span> <span class='ocrx_word' id='word_1_87' title='bbox 2511 1829 2592 1899; x_wconf 91' lang='lat' dir='ltr'><strong>de</strong></span> <span class='ocrx_word' id='word_1_88' title='bbox 2656 1850 2838 1916; x_wconf 84' lang='lat' dir='ltr'><strong>auro,</strong></span> <span class='ocrx_word' id='word_1_89' title='bbox 2881 1830 3052 1920; x_wconf 88' lang='lat' dir='ltr'><strong>quod</strong></span> 
     </span>
     <span class='ocr_line' id='line_1_13' title="bbox 804 1941 3056 2036; baseline -0 -21"><span class='ocrx_word' id='word_1_90' title='bbox 804 1942 992 2015; x_wconf 89' lang='lat' dir='ltr'><strong>nobis</strong></span> <span class='ocrx_word' id='word_1_91' title='bbox 1022 1941 1397 2025; x_wconf 88' lang='lat' dir='ltr'><strong>retinemus,</strong></span> <span class='ocrx_word' id='word_1_92' title='bbox 1445 1944 1617 2013; x_wconf 90' lang='lat' dir='ltr'><strong>salva</strong></span> <span class='ocrx_word' id='word_1_93' title='bbox 1645 1944 2114 2033; x_wconf 88' lang='lat' dir='ltr'><strong>permanebunt</strong></span> <span class='ocrx_word' id='word_1_94' title='bbox 2161 1945 2240 2013; x_wconf 90' lang='lat' dir='ltr'><strong>ad</strong></span> <span class='ocrx_word' id='word_1_95' title='bbox 2278 1965 2440 2035; x_wconf 91' lang='lat' dir='ltr'><strong>opus</strong></span> <span class='ocrx_word' id='word_1_96' title='bbox 2471 1942 2837 2014; x_wconf 90' lang='lat' dir='ltr'><strong>successuri</strong></span> <span class='ocrx_word' id='word_1_97' title='bbox 2881 1945 3056 2036; x_wconf 87' lang='lat' dir='ltr'><strong>epis-</strong></span> 
     </span>
     <span class='ocr_line' id='line_1_14' title="bbox 806 2055 3058 2150; baseline -0.001 -18"><span class='ocrx_word' id='word_1_98' title='bbox 806 2059 975 2150; x_wconf 87' lang='lat' dir='ltr'><strong>copi.</strong></span> <span class='ocrx_word' id='word_1_99' title='bbox 1019 2063 1087 2128; x_wconf 91' lang='lat' dir='ltr'><strong>ln</strong></span> <span class='ocrx_word' id='word_1_100' title='bbox 1126 2056 1406 2150; x_wconf 80' lang='lat' dir='ltr'><strong>grangiis</strong></span> <span class='ocrx_word' id='word_1_101' title='bbox 1443 2079 1844 2148; x_wconf 82' lang='lat' dir='ltr'><strong>quaecunque</strong></span> <span class='ocrx_word' id='word_1_102' title='bbox 1884 2055 2339 2148; x_wconf 84' lang='lat' dir='ltr'><strong>superfuerint,</strong></span> <span class='ocrx_word' id='word_1_103' title='bbox 2396 2059 2619 2141; x_wconf 73' lang='lat' dir='ltr'><strong>boveS,</strong></span> <span class='ocrx_word' id='word_1_104' title='bbox 2656 2079 2810 2130; x_wconf 90' lang='lat' dir='ltr'><strong>oves</strong></span> <span class='ocrx_word' id='word_1_105' title='bbox 2839 2072 2904 2129; x_wconf 92' lang='lat' dir='ltr'><strong>et</strong></span> <span class='ocrx_word' id='word_1_106' title='bbox 2934 2059 3058 2129; x_wconf 88' lang='lat' dir='ltr'><strong>alia</strong></span> 
     </span>
     <span class='ocr_line' id='line_1_15' title="bbox 806 2171 3056 2265; baseline 0 -22"><span class='ocrx_word' id='word_1_107' title='bbox 806 2173 1266 2265; x_wconf 86' lang='lat' dir='ltr'><strong>quadrupedia,</strong></span> <span class='ocrx_word' id='word_1_108' title='bbox 1332 2171 1583 2263; x_wconf 82' lang='lat' dir='ltr'><strong>gallinae</strong></span> <span class='ocrx_word' id='word_1_109' title='bbox 1643 2185 1706 2244; x_wconf 91' lang='lat' dir='ltr'><strong>et</strong></span> <span class='ocrx_word' id='word_1_110' title='bbox 1770 2194 2171 2263; x_wconf 88' lang='lat' dir='ltr'><strong>quaecunque</strong></span> <span class='ocrx_word' id='word_1_111' title='bbox 2223 2171 2525 2257; x_wconf 88' lang='lat' dir='ltr'><strong>volatilia,</strong></span> <span class='ocrx_word' id='word_1_112' title='bbox 2582 2172 2636 2243; x_wconf 89' lang='lat' dir='ltr'><strong>si</strong></span> <span class='ocrx_word' id='word_1_113' title='bbox 2699 2171 3056 2244; x_wconf 87' lang='lat' dir='ltr'><strong>mortalitas</strong></span> 
     </span>
     <span class='ocr_line' id='line_1_16' title="bbox 810 2285 3060 2372; baseline 0 -14"><span class='ocrx_word' id='word_1_114' title='bbox 810 2311 939 2360; x_wconf 93' lang='lat' dir='ltr'><strong>non</strong></span> <span class='ocrx_word' id='word_1_115' title='bbox 975 2287 1339 2372; x_wconf 81' lang='lat' dir='ltr'><strong>vastaverit,</strong></span> <span class='ocrx_word' id='word_1_116' title='bbox 1381 2285 1889 2358; x_wconf 86' lang='lat' dir='ltr'><strong>transcribentur</strong></span> <span class='ocrx_word' id='word_1_117' title='bbox 1920 2288 2330 2371; x_wconf 82' lang='lat' dir='ltr'><strong>successori3</strong></span> <span class='ocrx_word' id='word_1_118' title='bbox 2371 2300 2436 2358; x_wconf 88' lang='lat' dir='ltr'><strong>et</strong></span> <span class='ocrx_word' id='word_1_119' title='bbox 2461 2285 2743 2370; x_wconf 81' lang='lat' dir='ltr'><strong>interim,</strong></span> <span class='ocrx_word' id='word_1_120' title='bbox 2788 2300 3060 2359; x_wconf 88' lang='lat' dir='ltr'><strong>vacante</strong></span> 
     </span>
     <span class='ocr_line' id='line_1_17' title="bbox 810 2399 3062 2493; baseline -0.002 -17"><span class='ocrx_word' id='word_1_121' title='bbox 810 2406 990 2488; x_wconf 88' lang='lat' dir='ltr'><strong>sede,</strong></span> <span class='ocrx_word' id='word_1_122' title='bbox 1051 2405 1201 2473; x_wconf 92' lang='lat' dir='ltr'><strong>dum</strong></span> <span class='ocrx_word' id='word_1_123' title='bbox 1266 2399 1328 2472; x_wconf 94' lang='lat' dir='ltr'><strong>in</strong></span> <span class='ocrx_word' id='word_1_124' title='bbox 1398 2424 1593 2473; x_wconf 89' lang='lat' dir='ltr'><strong>manu</strong></span> <span class='ocrx_word' id='word_1_125' title='bbox 1678 2415 1902 2473; x_wconf 88' lang='lat' dir='ltr'><strong>nostra</strong></span> <span class='ocrx_word' id='word_1_126' title='bbox 1966 2399 2288 2473; x_wconf 88' lang='lat' dir='ltr'><strong>constabit</strong></span> <span class='ocrx_word' id='word_1_127' title='bbox 2360 2402 2798 2493; x_wconf 77' lang='lat' dir='ltr'><strong>episcopatuS,</strong></span> <span class='ocrx_word' id='word_1_128' title='bbox 2878 2404 3062 2472; x_wconf 91' lang='lat' dir='ltr'><strong>labor</strong></span> 
     </span>
     <span class='ocr_line' id='line_1_18' title="bbox 811 2514 3064 2608; baseline -0.002 -17"><span class='ocrx_word' id='word_1_129' title='bbox 811 2539 1217 2591; x_wconf 86' lang='lat' dir='ltr'><strong>carrucarum</strong></span> <span class='ocrx_word' id='word_1_130' title='bbox 1281 2514 1725 2601; x_wconf 82' lang='lat' dir='ltr'><strong>exercebitur3</strong></span> <span class='ocrx_word' id='word_1_131' title='bbox 1807 2530 1871 2588; x_wconf 90' lang='lat' dir='ltr'><strong>et</strong></span> <span class='ocrx_word' id='word_1_132' title='bbox 1934 2518 2134 2608; x_wconf 92' lang='lat' dir='ltr'><strong>quod,</strong></span> <span class='ocrx_word' id='word_1_133' title='bbox 2220 2514 2559 2587; x_wconf 90' lang='lat' dir='ltr'><strong>conductis</strong></span> <span class='ocrx_word' id='word_1_134' title='bbox 2619 2514 2929 2607; x_wconf 86' lang='lat' dir='ltr'><strong>operariis</strong></span> <span class='ocrx_word' id='word_1_135' title='bbox 2994 2531 3064 2588; x_wconf 89' lang='lat' dir='ltr'><strong>et</strong></span> 
     </span>
     <span class='ocr_line' id='line_1_19' title="bbox 813 2629 3062 2726; baseline -0.002 -22"><span class='ocrx_word' id='word_1_136' title='bbox 813 2634 1039 2726; x_wconf 83' lang='lat' dir='ltr'><strong>pastis,</strong></span> <span class='ocrx_word' id='word_1_137' title='bbox 1123 2629 1736 2723; x_wconf 83' lang='lat' dir='ltr'><strong>superabundaverit</strong></span> <span class='ocrx_word' id='word_1_138' title='bbox 1797 2629 2217 2723; x_wconf 87' lang='lat' dir='ltr'><strong>accipiemus.</strong></span> <span class='ocrx_word' id='word_1_139' title='bbox 2315 2631 2406 2701; x_wconf 79' lang='lat' dir='ltr'><strong>Ad</strong></span> <span class='ocrx_word' id='word_1_140' title='bbox 2481 2631 2789 2722; x_wconf 87' lang='lat' dir='ltr'><strong>majorem</strong></span> <span class='ocrx_word' id='word_1_141' title='bbox 2863 2629 3062 2701; x_wconf 83' lang='lat' dir='ltr'><strong>etiam</strong></span> 
     </span>
     <span class='ocr_line' id='line_1_20' title="bbox 812 2744 3064 2838; baseline -0.001 -17"><span class='ocrx_word' id='word_1_142' title='bbox 812 2745 1288 2821; x_wconf 77' lang='lat' dir='ltr'><strong>Aurelianensis</strong></span> <span class='ocrx_word' id='word_1_143' title='bbox 1320 2744 1613 2820; x_wconf 80' lang='lat' dir='ltr'><strong>ecclesiae</strong></span> <span class='ocrx_word' id='word_1_144' title='bbox 1642 2747 2003 2819; x_wconf 86' lang='lat' dir='ltr'><strong>libertatem</strong></span> <span class='ocrx_word' id='word_1_145' title='bbox 2043 2744 2484 2830; x_wconf 85' lang='lat' dir='ltr'><strong>concedimus,</strong></span> <span class='ocrx_word' id='word_1_146' title='bbox 2513 2756 2579 2817; x_wconf 85' lang='lat' dir='ltr'><strong>et</strong></span> <span class='ocrx_word' id='word_1_147' title='bbox 2613 2767 2727 2838; x_wconf 92' lang='lat' dir='ltr'><strong>per</strong></span> <span class='ocrx_word' id='word_1_148' title='bbox 2779 2767 3064 2838; x_wconf 81' lang='lat' dir='ltr'><strong>praesen-</strong></span> 
     </span>
     <span class='ocr_line' id='line_1_21' title="bbox 814 2859 3067 2956; baseline -0.002 -20"><span class='ocrx_word' id='word_1_149' title='bbox 814 2864 897 2936; x_wconf 89' lang='lat' dir='ltr'><strong>tis</strong></span> <span class='ocrx_word' id='word_1_150' title='bbox 919 2864 1228 2956; x_wconf 87' lang='lat' dir='ltr'><strong>scriptum</strong></span> <span class='ocrx_word' id='word_1_151' title='bbox 1260 2861 1508 2954; x_wconf 79' lang='lat' dir='ltr'><strong>paginae</strong></span> <span class='ocrx_word' id='word_1_152' title='bbox 1537 2861 1989 2954; x_wconf 87' lang='lat' dir='ltr'><strong>perpetualiter</strong></span> <span class='ocrx_word' id='word_1_153' title='bbox 2007 2860 2398 2947; x_wconf 88' lang='lat' dir='ltr'><strong>stabilimus,</strong></span> <span class='ocrx_word' id='word_1_154' title='bbox 2420 2865 2590 2953; x_wconf 90' lang='lat' dir='ltr'><strong>quod</strong></span> <span class='ocrx_word' id='word_1_155' title='bbox 2616 2864 2873 2952; x_wconf 91' lang='lat' dir='ltr'><strong>quando</strong></span> <span class='ocrx_word' id='word_1_156' title='bbox 2893 2859 3067 2954; x_wconf 89' lang='lat' dir='ltr'><strong>epis-</strong></span> 
     </span>
     <span class='ocr_line' id='line_1_22' title="bbox 817 2973 3067 3071; baseline -0.003 -20"><span class='ocrx_word' id='word_1_157' title='bbox 817 2994 1087 3071; x_wconf 90' lang='lat' dir='ltr'><strong>copatus</strong></span> <span class='ocrx_word' id='word_1_158' title='bbox 1112 2976 1590 3048; x_wconf 80' lang='lat' dir='ltr'><strong>Aurelianensis</strong></span> <span class='ocrx_word' id='word_1_159' title='bbox 1621 2974 1685 3046; x_wconf 95' lang='lat' dir='ltr'><strong>in</strong></span> <span class='ocrx_word' id='word_1_160' title='bbox 1708 2997 1940 3046; x_wconf 86' lang='lat' dir='ltr'><strong>manus</strong></span> <span class='ocrx_word' id='word_1_161' title='bbox 1960 2973 2168 3067; x_wconf 87' lang='lat' dir='ltr'><strong>regias</strong></span> <span class='ocrx_word' id='word_1_162' title='bbox 2208 2973 2597 3062; x_wconf 87' lang='lat' dir='ltr'><strong>devenerit¹,</strong></span> <span class='ocrx_word' id='word_1_163' title='bbox 2619 2978 2859 3046; x_wconf 89' lang='lat' dir='ltr'><strong>nullam</strong></span> <span class='ocrx_word' id='word_1_164' title='bbox 2886 2998 3067 3066; x_wconf 88' lang='lat' dir='ltr'><strong>pror-</strong></span> 
     </span>
     <span class='ocr_line' id='line_1_23' title="bbox 820 3088 3066 3182; baseline -0.003 -15"><span class='ocrx_word' id='word_1_165' title='bbox 820 3117 933 3167; x_wconf 87' lang='lat' dir='ltr'><strong>sus</strong></span> <span class='ocrx_word' id='word_1_166' title='bbox 958 3092 1355 3165; x_wconf 85' lang='lat' dir='ltr'><strong>exactionem</strong></span> <span class='ocrx_word' id='word_1_167' title='bbox 1386 3093 1485 3163; x_wconf 92' lang='lat' dir='ltr'><strong>vel</strong></span> <span class='ocrx_word' id='word_1_168' title='bbox 1513 3088 1752 3161; x_wconf 88' lang='lat' dir='ltr'><strong>talliam</strong></span> <span class='ocrx_word' id='word_1_169' title='bbox 1786 3089 1850 3160; x_wconf 95' lang='lat' dir='ltr'><strong>in</strong></span> <span class='ocrx_word' id='word_1_170' title='bbox 1878 3104 2044 3161; x_wconf 88' lang='lat' dir='ltr'><strong>terra</strong></span> <span class='ocrx_word' id='word_1_171' title='bbox 2069 3091 2364 3182; x_wconf 80' lang='lat' dir='ltr'><strong>eJnsdem</strong></span> <span class='ocrx_word' id='word_1_172' title='bbox 2391 3089 2802 3181; x_wconf 87' lang='lat' dir='ltr'><strong>episcopatus</strong></span> <span class='ocrx_word' id='word_1_173' title='bbox 2821 3091 2919 3162; x_wconf 91' lang='lat' dir='ltr'><strong>vel</strong></span> <span class='ocrx_word' id='word_1_174' title='bbox 2942 3112 3066 3161; x_wconf 94' lang='lat' dir='ltr'><strong>nos</strong></span> 
     </span>
     <span class='ocr_line' id='line_1_24' title="bbox 820 3203 3066 3295; baseline -0.002 -16"><span class='ocrx_word' id='word_1_175' title='bbox 820 3212 918 3281; x_wconf 90' lang='lat' dir='ltr'><strong>vel</strong></span> <span class='ocrx_word' id='word_1_176' title='bbox 952 3228 1365 3280; x_wconf 88' lang='lat' dir='ltr'><strong>successores</strong></span> <span class='ocrx_word' id='word_1_177' title='bbox 1392 3204 1594 3277; x_wconf 89' lang='lat' dir='ltr'><strong>nostri</strong></span> <span class='ocrx_word' id='word_1_178' title='bbox 1631 3208 1711 3276; x_wconf 92' lang='lat' dir='ltr'><strong>de</strong></span> <span class='ocrx_word' id='word_1_179' title='bbox 1754 3219 1969 3277; x_wconf 88' lang='lat' dir='ltr'><strong>cetero</strong></span> <span class='ocrx_word' id='word_1_180' title='bbox 2011 3204 2345 3289; x_wconf 83' lang='lat' dir='ltr'><strong>faciemus,</strong></span> <span class='ocrx_word' id='word_1_181' title='bbox 2384 3203 2509 3275; x_wconf 90' lang='lat' dir='ltr'><strong>nisi</strong></span> <span class='ocrx_word' id='word_1_182' title='bbox 2569 3227 2710 3276; x_wconf 89' lang='lat' dir='ltr'><strong>eam</strong></span> <span class='ocrx_word' id='word_1_183' title='bbox 2752 3227 2892 3295; x_wconf 87' lang='lat' dir='ltr'><strong>quae</strong></span> <span class='ocrx_word' id='word_1_184' title='bbox 2933 3217 3066 3275; x_wconf 86' lang='lat' dir='ltr'><strong>sta-</strong></span> 
     </span>
     <span class='ocr_line' id='line_1_25' title="bbox 820 3316 3065 3412; baseline -0.003 -17"><span class='ocrx_word' id='word_1_185' title='bbox 820 3337 960 3395; x_wconf 92' lang='lat' dir='ltr'><strong>tuto</strong></span> <span class='ocrx_word' id='word_1_186' title='bbox 1024 3336 1313 3412; x_wconf 91' lang='lat' dir='ltr'><strong>tempore</strong></span> <span class='ocrx_word' id='word_1_187' title='bbox 1380 3323 1650 3392; x_wconf 88' lang='lat' dir='ltr'><strong>debetur</strong></span> <span class='ocrx_word' id='word_1_188' title='bbox 1710 3318 2044 3412; x_wconf 88' lang='lat' dir='ltr'><strong>episcopo,</strong></span> <span class='ocrx_word' id='word_1_189' title='bbox 2113 3318 2362 3391; x_wconf 91' lang='lat' dir='ltr'><strong>scilicet</strong></span> <span class='ocrx_word' id='word_1_190' title='bbox 2434 3321 2514 3390; x_wconf 90' lang='lat' dir='ltr'><strong>ad</strong></span> <span class='ocrx_word' id='word_1_191' title='bbox 2583 3322 2817 3390; x_wconf 79' lang='lat' dir='ltr'><strong>festum</strong></span> <span class='ocrx_word' id='word_1_192' title='bbox 2857 3316 3065 3390; x_wconf 88' lang='lat' dir='ltr'><strong>sancti</strong></span> 
     </span>
     <span class='ocr_line' id='line_1_26' title="bbox 825 3431 3069 3528; baseline -0.002 -20"><span class='ocrx_word' id='word_1_193' title='bbox 825 3435 1123 3528; x_wconf 87' lang='lat' dir='ltr'><strong>Remigii,</strong></span> <span class='ocrx_word' id='word_1_194' title='bbox 1164 3458 1357 3527; x_wconf 89' lang='lat' dir='ltr'><strong>quam</strong></span> <span class='ocrx_word' id='word_1_195' title='bbox 1405 3433 1605 3505; x_wconf 89' lang='lat' dir='ltr'><strong>nostri</strong></span> <span class='ocrx_word' id='word_1_196' title='bbox 1633 3431 2090 3505; x_wconf 87' lang='lat' dir='ltr'><strong>ministeriales</strong></span> <span class='ocrx_word' id='word_1_197' title='bbox 2121 3432 2261 3505; x_wconf 88' lang='lat' dir='ltr'><strong>sine</strong></span> <span class='ocrx_word' id='word_1_198' title='bbox 2309 3431 2817 3505; x_wconf 89' lang='lat' dir='ltr'><strong>contradictione</strong></span> <span class='ocrx_word' id='word_1_199' title='bbox 2862 3437 3069 3504; x_wconf 80' lang='lat' dir='ltr'><strong>Aure-</strong></span> 
     </span>
     <span class='ocr_line' id='line_1_27' title="bbox 824 3550 3067 3623; baseline -0.002 0"><span class='ocrx_word' id='word_1_200' title='bbox 824 3550 1132 3623; x_wconf 88' lang='lat' dir='ltr'><strong>lianensis</strong></span> <span class='ocrx_word' id='word_1_201' title='bbox 1188 3552 1488 3622; x_wconf 82' lang='lat' dir='ltr'><strong>ecclesiae</strong></span> <span class='ocrx_word' id='word_1_202' title='bbox 1552 3556 1632 3619; x_wconf 73' lang='lat' dir='ltr'><strong>&#39;ex</strong></span> <span class='ocrx_word' id='word_1_203' title='bbox 1693 3562 1916 3619; x_wconf 90' lang='lat' dir='ltr'><strong>nostro</strong></span> <span class='ocrx_word' id='word_1_204' title='bbox 1947 3598 1951 3603; x_wconf 88' lang='lat'>-</span> <span class='ocrx_word' id='word_1_205' title='bbox 1982 3550 2080 3619; x_wconf 90' lang='lat' dir='ltr'><strong>vel</strong></span> <span class='ocrx_word' id='word_1_206' title='bbox 2156 3570 2608 3619; x_wconf 87' lang='lat' dir='ltr'><strong>successorum</strong></span> <span class='ocrx_word' id='word_1_207' title='bbox 2698 3561 3067 3619; x_wconf 87' lang='lat' dir='ltr'><strong>nostrorum</strong></span> 
     </span>
     <span class='ocr_line' id='line_1_28' title="bbox 828 3660 3068 3756; baseline -0.002 -17"><span class='ocrx_word' id='word_1_208' title='bbox 828 3668 1129 3740; x_wconf 91' lang='lat' dir='ltr'><strong>mandato</strong></span> <span class='ocrx_word' id='word_1_209' title='bbox 1155 3663 1497 3756; x_wconf 88' lang='lat' dir='ltr'><strong>accipient,</strong></span> <span class='ocrx_word' id='word_1_210' title='bbox 1526 3686 1600 3734; x_wconf 89' lang='lat' dir='ltr'><strong>ac</strong></span> <span class='ocrx_word' id='word_1_211' title='bbox 1623 3662 1905 3754; x_wconf 86' lang='lat' dir='ltr'><strong>reliquos</strong></span> <span class='ocrx_word' id='word_1_212' title='bbox 1927 3661 2119 3734; x_wconf 87' lang='lat' dir='ltr'><strong>etiam</strong></span> <span class='ocrx_word' id='word_1_213' title='bbox 2149 3661 2752 3735; x_wconf 89' lang='lat' dir='ltr'><strong>consuetudinarios</strong></span> <span class='ocrx_word' id='word_1_214' title='bbox 2778 3660 3068 3734; x_wconf 86' lang='lat' dir='ltr'><strong>redditus</strong></span> 
     </span>
     <span class='ocr_line' id='line_1_29' title="bbox 825 3776 3068 3876; baseline -0.003 -21"><span class='ocrx_word' id='word_1_215' title='bbox 825 3782 1237 3876; x_wconf 90' lang='lat' dir='ltr'><strong>episcopatus</strong></span> <span class='ocrx_word' id='word_1_216' title='bbox 1280 3805 1298 3865; x_wconf 91' lang='grc'><strong>;</strong></span> <span class='ocrx_word' id='word_1_217' title='bbox 1341 3802 1415 3851; x_wconf 93' lang='lat' dir='ltr'><strong>ac</strong></span> <span class='ocrx_word' id='word_1_218' title='bbox 1462 3801 1544 3850; x_wconf 91' lang='lat' dir='ltr'><strong>ne</strong></span> <span class='ocrx_word' id='word_1_219' title='bbox 1577 3777 1771 3849; x_wconf 90' lang='lat' dir='ltr'><strong>etiam</strong></span> <span class='ocrx_word' id='word_1_220' title='bbox 1819 3776 2005 3849; x_wconf 87' lang='lat' dir='ltr'><strong>talliae</strong></span> <span class='ocrx_word' id='word_1_221' title='bbox 2042 3776 2214 3849; x_wconf 90' lang='lat' dir='ltr'><strong>illius</strong></span> <span class='ocrx_word' id='word_1_222' title='bbox 2265 3800 2514 3849; x_wconf 81' lang='lat' dir='ltr'><strong>summa</strong></span> <span class='ocrx_word' id='word_1_223' title='bbox 2571 3800 2758 3869; x_wconf 91' lang='lat' dir='ltr'><strong>supra</strong></span> <span class='ocrx_word' id='word_1_224' title='bbox 2803 3780 3068 3848; x_wconf 92' lang='lat' dir='ltr'><strong>modum</strong></span> 
     </span>
     <span class='ocr_line' id='line_1_30' title="bbox 826 3890 3066 3989; baseline -0.004 -18"><span class='ocrx_word' id='word_1_225' title='bbox 826 3901 905 3971; x_wconf 87' lang='lat' dir='ltr'><strong>ad</strong></span> <span class='ocrx_word' id='word_1_226' title='bbox 937 3918 1277 3989; x_wconf 86' lang='lat' dir='ltr'><strong>gravamen</strong></span> <span class='ocrx_word' id='word_1_227' title='bbox 1334 3893 1628 3967; x_wconf 84' lang='lat' dir='ltr'><strong>ecclesiae</strong></span> <span class='ocrx_word' id='word_1_228' title='bbox 1672 3891 1821 3964; x_wconf 92' lang='lat' dir='ltr'><strong>ullis</strong></span> <span class='ocrx_word' id='word_1_229' title='bbox 1866 3890 2315 3965; x_wconf 88' lang='lat' dir='ltr'><strong>occasionibus</strong></span> <span class='ocrx_word' id='word_1_230' title='bbox 2354 3906 2686 3985; x_wconf 86' lang='lat' dir='ltr'><strong>augeatur,</strong></span> <span class='ocrx_word' id='word_1_231' title='bbox 2733 3905 2905 3964; x_wconf 88' lang='lat' dir='ltr'><strong>certa</strong></span> <span class='ocrx_word' id='word_1_232' title='bbox 2944 3894 3066 3962; x_wconf 90' lang='lat' dir='ltr'><strong>sub</strong></span> 
     </span>
     <span class='ocr_line' id='line_1_31' title="bbox 827 4006 3068 4105; baseline -0.003 -20"><span class='ocrx_word' id='word_1_233' title='bbox 827 4010 1261 4105; x_wconf 88' lang='lat' dir='ltr'><strong>assignatione</strong></span> <span class='ocrx_word' id='word_1_234' title='bbox 1333 4009 1699 4096; x_wconf 75' lang='lat' dir='ltr'><strong>statuimu5‚</strong></span> <span class='ocrx_word' id='word_1_235' title='bbox 1766 4031 1842 4080; x_wconf 89' lang='lat' dir='ltr'><strong>ac</strong></span> <span class='ocrx_word' id='word_1_236' title='bbox 1915 4006 2125 4079; x_wconf 92' lang='lat' dir='ltr'><strong>modis</strong></span> <span class='ocrx_word' id='word_1_237' title='bbox 2189 4010 2494 4079; x_wconf 89' lang='lat' dir='ltr'><strong>omnibus</strong></span> <span class='ocrx_word' id='word_1_238' title='bbox 2532 4006 2924 4092; x_wconf 88' lang='lat' dir='ltr'><strong>inhibemus,</strong></span> <span class='ocrx_word' id='word_1_239' title='bbox 2986 4029 3068 4078; x_wconf 87' lang='lat' dir='ltr'><strong>ne</strong></span> 
     </span>
    </p>
   </div>
   <div class='ocr_carea' id='block_1_3' title="bbox 825 4492 3063 4671">
    <p class='ocr_par' dir='ltr' id='par_1_3' title="bbox 825 4492 3063 4671">
     <span class='ocr_line' id='line_1_32' title="bbox 900 4492 3063 4565; baseline -0.003 -10"><span class='ocrx_word' id='word_1_240' title='bbox 900 4501 915 4535; x_wconf 90' lang='lat'>¹</span> <span class='ocrx_word' id='word_1_241' title='bbox 958 4501 1102 4557; x_wconf 87' lang='lat' dir='ltr'><strong>Note</strong></span> <span class='ocrx_word' id='word_1_242' title='bbox 1128 4497 1196 4552; x_wconf 89' lang='lat' dir='ltr'><strong>de</strong></span> <span class='ocrx_word' id='word_1_243' title='bbox 1228 4497 1445 4565; x_wconf 83' lang='lat' dir='ltr'><strong>Baluze,</strong></span> <span class='ocrx_word' id='word_1_244' title='bbox 1477 4511 1546 4549; x_wconf 89' lang='lat' dir='ltr'><strong>en</strong></span> <span class='ocrx_word' id='word_1_245' title='bbox 1577 4511 1767 4564; x_wconf 84' lang='lat' dir='ltr'><strong>marge</strong></span> <span class='ocrx_word' id='word_1_246' title='bbox 1793 4512 1805 4547; x_wconf 74' lang='grc' dir='ltr'><strong><em>ι</em></strong></span> <span class='ocrx_word' id='word_1_247' title='bbox 1848 4492 2050 4548; x_wconf 78' lang='lat' dir='ltr'><strong>Simile</strong></span> <span class='ocrx_word' id='word_1_248' title='bbox 2075 4492 2450 4563; x_wconf 78' lang='lat' dir='ltr'><strong>privileqium</strong></span> <span class='ocrx_word' id='word_1_249' title='bbox 2474 4510 2587 4563; x_wconf 84' lang='lat' dir='ltr'><strong>pro</strong></span> <span class='ocrx_word' id='word_1_250' title='bbox 2612 4492 2843 4548; x_wconf 81' lang='lat' dir='ltr'><strong>ecclesia</strong></span> <span class='ocrx_word' id='word_1_251' title='bbox 2873 4493 3063 4548; x_wconf 74' lang='lat' dir='ltr'><strong>Paris.</strong></span> 
     </span>
     <span class='ocr_line' id='line_1_33' title="bbox 825 4582 2727 4671; baseline -0.004 -27"><span class='ocrx_word' id='word_1_252' title='bbox 825 4597 981 4653; x_wconf 66' lang='grc' dir='ltr'><strong>εει-ται</strong></span> <span class='ocrx_word' id='word_1_253' title='bbox 1010 4591 1071 4651; x_wconf 76' lang='lat' dir='ltr'><strong>in</strong></span> <span class='ocrx_word' id='word_1_254' title='bbox 1100 4589 1311 4671; x_wconf 69' lang='lat' dir='ltr'><strong>Maqno</strong></span> <span class='ocrx_word' id='word_1_255' title='bbox 1340 4585 1706 4650; x_wconf 79' lang='lat' dir='ltr'><strong>chartulario</strong></span> <span class='ocrx_word' id='word_1_256' title='bbox 1731 4584 1976 4640; x_wconf 77' lang='lat' dir='ltr'><strong>ccclesiae</strong></span> <span class='ocrx_word' id='word_1_257' title='bbox 2005 4582 2193 4639; x_wconf 74' lang='lat' dir='ltr'><strong>Paris.</strong></span> <span class='ocrx_word' id='word_1_258' title='bbox 2228 4583 2326 4647; x_wconf 79' lang='lat' dir='ltr'><strong>lib.</strong></span> <span class='ocrx_word' id='word_1_259' title='bbox 2364 4583 2442 4637; x_wconf 84' lang='lat'><strong>19</strong></span> <span class='ocrx_word' id='word_1_260' title='bbox 2472 4598 2597 4665; x_wconf 76' lang='lat' dir='ltr'><strong>cap.</strong></span> <span class='ocrx_word' id='word_1_261' title='bbox 2627 4582 2727 4649; x_wconf 88' lang='lat'><strong>67.</strong></span> 
     </span>
    </p>
   </div>
  </div>
 </body>
</html>
