3485 5571
1802 1056 2146 1119 CCLXXIV

1785 1357 1935 1419 suin
1981 1355 2144 1418 1245

846 1609 1188 1677 Guillaume,
1221 1610 1433 1681 eveque
1484 1608 1799 1677 d’Orleans,
1855 1608 2090 1664 accorde
2136 1608 2348 1681 qu’une
2400 1605 2711 1680 prebende,
2759 1606 2859 1662 des
2901 1621 3010 1677 que
3039 1603 3086 1657 la

916 1707 1086 1762 chose
1114 1722 1239 1762 sera
1267 1705 1535 1778 possible,
1562 1705 1671 1760 soit
1717 1704 1946 1761 affectes
1990 1705 2022 1759 a
2046 1705 2522 1761 l’accroissement
2551 1704 2621 1758 de
2646 1704 2704 1759 la
2734 1702 3084 1758 distribution

912 1803 984 1858 de
1031 1802 1163 1873 pain
1205 1801 1471 1859 institues
1509 1817 1610 1872 par
1645 1801 1898 1873 l’eveque
1943 1800 2199 1873 Philipps
2246 1816 2391 1873 pour
2446 1799 2707 1856 stimulor
2749 1799 2802 1855 le
2840 1799 2960 1853 zele
2992 1796 3084 1851 des

914 1900 1219 1957 cbanoines
1237 1901 1270 1956 a
1299 1899 1544 1970 prendre
1570 1903 1697 1971 part
1720 1914 1831 1954 aux
1853 1897 2061 1954 offices.

1388 2046 1565 2117 (Orig.
1597 2063 1644 2102 s.
1674 2046 1866 2118 parch.
1904 2045 2072 2101 Arch.
2102 2045 2178 2102 du
2208 2045 2413 2116 Loiret,
2443 2045 2543 2116 G.)

932 2287 1334 2373 Guillelmus,
1404 2285 1615 2360 divina
1683 2287 2096 2361 miseratione
2163 2286 2638 2360 Aurelianensis
2713 2285 3080 2379 episcopus,

840 2404 1160 2475 universis
1203 2415 1535 2493 presentes
1594 2401 1838 2474 litteras
1897 2401 2286 2494 inspecturis
2345 2404 2617 2473 salutem
2686 2402 2753 2470 in
2784 2400 3081 2473 Domino.

841 2516 1377 2608 Significaverunt
1406 2515 1593 2588 nobis
1633 2516 1850 2588 dilecti
1881 2515 1994 2586 filii
2021 2516 2395 2609 manasses]
2422 2517 2708 2587 decanus
2741 2528 2809 2586 et
2846 2514 3083 2600 capitu-

838 2635 971 2703 lum
1002 2634 1460 2703 Aurelianense
1497 2632 1669 2722 quod
1701 2654 1847 2702 cum
1874 2630 2150 2703 ecclesia
2191 2629 2689 2713 Aurelianensis,
2724 2629 2791 2700 in
2828 2652 2957 2721 qna
2994 2642 3086 2701 est

839 2759 1058 2819 certus
1097 2745 1555 2819 canonicorum
1620 2767 1931 2818 numerus
1984 2743 2345 2831 institutus,
2381 2747 2747 2837 juramento
2806 2747 3087 2816 firmatus

839 2874 904 2934 et
937 2885 1052 2954 per
1085 2865 1307 2934 sedem
1367 2864 1797 2952 apostolicam
1832 2863 2273 2943 confirmatus,
2320 2864 2581 2953 propter
2630 2858 3081 2933 canonicorum

840 2976 1209 3048 absenciam
1269 2977 1588 3047 defectum
1653 2974 1717 3046 in
1760 2974 1991 3046 divinis
2051 2966 2456 3066 aliquociens
2509 2986 2854 3066 pateretur,
2929 2978 3088 3046 bone

842 3089 1154 3162 memorie
1197 3088 1552 3181 Philippus,
1594 3092 1919 3181 quondam
1960 3090 2441 3161 Aurelianensis
2480 3088 2830 3180 episcopus
2862 3092 3089 3181 prede-

839 3227 1066 3277 cessor
1105 3218 1352 3289 noster,
1393 3216 1458 3275 et
1497 3207 1785 3276 decanus
1818 3217 1885 3276 et
1922 3206 2279 3296 capitulum
2319 3206 2615 3296 ejusdem
2674 3202 2985 3288 ecclesie,
3025 3216 3089 3273 ut

837 3321 917 3390 ad
970 3319 1380 3391 serviendum
1430 3332 1494 3390 et
1534 3317 1951 3390 residendum
2009 3317 2325 3391 libencius
2391 3317 2457 3388 in
2531 3319 2759 3391 eadem
2797 3316 3089 3390 canonici

838 3432 1298 3505 inducerentur
1326 3436 1655 3517 absentes,
1704 3431 2178 3505 deliberacione
2220 3431 2480 3524 provida
2521 3445 2888 3504 statuerunt
2925 3433 3087 3523 quod

838 3546 1115 3639 singulis
1145 3544 1476 3619 canonicis
1516 3548 1627 3637 qui
1661 3545 1895 3617 divinis
1923 3545 2279 3619 intererunt
2317 3545 2546 3619 officiis
2570 3544 2844 3638 singulis
2867 3546 3089 3617 diebus

839 3663 920 3734 de
958 3661 1342 3752 quibusdam
1370 3660 1733 3733 redditibus
1766 3684 1931 3752 quos
1963 3661 2135 3734 idem
2174 3660 2523 3753 episcopus
2576 3672 2642 3733 et
2679 3659 2941 3751 quidam
2988 3658 3088 3731 alii

841 3777 1081 3847 Christi
1111 3777 1335 3847 fideles
1374 3776 1587 3847 eidem
1621 3778 1901 3847 ecclesie
1929 3777 2010 3848 ad
2040 3774 2104 3846 id
2144 3774 2500 3848 contulisse
2551 3776 2878 3858 dicuntur,
2922 3790 3089 3847 certa

842 3889 1030 3981 panis
1069 3887 1431 3961 distributio
1470 3888 1935 3983 assignaretur.
1977 3894 2212 3962 Verum
2261 3891 2410 3982 quia
2446 3889 2601 3961 dicti
2633 3891 2927 3962 redditus
2966 3913 3089 3962 non

841 4001 1248 4075 sufficiebant
1284 4027 1398 4096 per
1432 4006 1644 4078 tocius
1682 4002 1835 4075 anni
1865 4003 2181 4076 circulum
2204 4005 2284 4075 ad
2320 4003 2840 4078 distributionem
2881 4008 3090 4097 hujus-

840 4117 1020 4190 modi
1047 4118 1431 4205 iaciendam,
1469 4117 1993 4211 supplicaverunt
2022 4117 2211 4189 nobis
2243 4116 2396 4191 dicti
2440 4121 2726 4191 decanus
2750 4133 2818 4193 et
2855 4120 3090 4212 capitu·

841 4235 975 4303 lum
1017 4247 1085 4303 ut
1147 4256 1338 4304 unam
1394 4235 1474 4306 de
1537 4232 1891 4326 prebendis
1953 4232 2433 4305 Aurelianensis
2484 4236 2763 4307 ecclesie
2811 4237 2894 4307 ad
2931 4258 3088 4326 opus

843 4344 1026 4439 panis
1060 4351 1352 4420 conferre
1387 4346 1891 4420 misericorditer
1928 4345 2361 4440 dignaremur.
2394 4351 2523 4421 Nos
2550 4370 2721 4432 vero,
2744 4347 2848 4441 pie
2877 4350 3088 4420 consi-

842 4462 1143 4533 derantes
1183 4475 1244 4533 et
1276 4465 1526 4534 oculata
1569 4463 1694 4534 fide
1719 4475 2192 4554 cognoscentes
2221 4465 2393 4554 quod
2432 4462 2488 4534 si
2527 4462 2697 4535 dicta
2736 4462 2922 4555 panis
2963 4462 3088 4535 dis·

841 4574 1119 4648 tribucio
1155 4600 1269 4668 per
1296 4590 1502 4650 totum
1539 4600 1780 4649 annum
1821 4581 2102 4665 duraret,
2147 4600 2277 4650 non
2315 4576 2641 4650 modicum
2676 4591 3001 4651 cresceret
3030 4591 3090 4650 et

841 4704 1372 4782 augmentaretur
1402 4690 1729 4764 servitium
1772 4693 2049 4765 ecclesie
2100 4705 2478 4780 memorate,
2512 4690 2849 4784 cupientes
2887 4691 3090 4766 modis
