3485 5571
1822 650 2182 714 ..442-

869 780 1197 851 nationem
1246 779 1349 870 pie
1406 780 1869 853 recordationis
1930 777 2245 850 carissimi
2314 777 2519 869 patrui
2584 778 2788 849 nostri
2845 773 3080 858 Aliensi,

868 896 1190 984 quondam
1227 894 1484 965 comitis
1514 893 1911 966 Pictaveusis
1946 908 2014 965 et
2041 896 2346 977 Thelme,
2377 905 2751 965 executores
2792 889 2899 963 sui
2925 906 3085 962 testa-

873 1007 1070 1079 menti
1128 1010 1410 1080 ecclesie
1469 1012 1535 1079 S.
1576 1007 1798 1080 Crucis
1856 1009 2335 1080 Aurelianensis
2408 1030 2522 1098 pro
2589 1030 2711 1078 una
2768 1007 3088 1098 capellania

872 1121 1108 1193 ibidem
1182 1121 1576 1194 instituenda
1652 1123 1716 1194 in
1777 1146 1903 1213 qua
1964 1121 2248 1215 quotidie
2303 1124 2663 1194 celebretur
2724 1119 2951 1203 missa,
3003 1118 3088 1189 ubi

866 1241 1239 1331 capellanus
1315 1238 1517 1330 ipsius
1596 1239 1950 1332 capellanie
2032 1243 2314 1310 humano
2397 1236 2863 1330 impedimento
2931 1233 3094 1307 suerit

875 1344 1207 1436 detentus,
1252 1376 1367 1445 pro
1424 1356 1599 1426 dicto
1638 1353 1900 1439 comite,
1942 1357 2363 1425 decreverunt
2400 1356 2717 1443 assignari
2754 1349 3092 1443 quindecim

867 1468 1063 1539 libras
1093 1482 1480 1539 turonenses
1519 1468 1717 1539 annui
1762 1467 2076 1539 redditus.
2121 1471 2250 1539 Nos
2285 1466 2523 1557 itaque,
2555 1464 2876 1537 carissimi
2915 1464 3094 1557 patrui

866 1584 1069 1653 nostri
1152 1581 1319 1672 piam
1382 1581 1851 1653 ordinationem
1916 1585 2258 1673 cupientes
2335 1583 2677 1651 salubriter
2757 1578 3092 1671 adimpleri,

865 1699 1161 1770 volumus
1221 1708 1288 1768 et
1357 1694 1753 1787 precipimus
1827 1710 1895 1766 ut
1952 1695 2344 1787 quicumque
2405 1693 2597 1766 suerit
2655 1717 2771 1785 pro
2831 1707 3097 1785 tempore

867 1809 1230 1902 prepositus
1278 1810 1756 1881 Aurelianensis
1788 1831 2042 1881 exnunc
2080 1808 2273 1881 dictis
2318 1808 2686 1900 quindecim
2725 1807 2906 1879 libris
2953 1822 3098 1877 turo·

868 1924 1182 1996 nensibus
1210 1927 1359 2018 (sic)
1388 1925 1582 1996 annui
1614 1927 1935 2011 redditus,
1978 1927 2396 1997 medietatem
2420 1923 2719 1995 videlicet
2755 1922 2819 1993 in
2849 1921 3098 1995 termino

868 2038 1168 2110 Omnium
1199 2043 1601 2123 Sanctorum,
1642 2041 1974 2130 capellano
2006 2040 2230 2111 reddat
2262 2051 2327 2109 et
2360 2041 2503 2109 sine
2533 2037 2820 2129 qualibet
2848 2038 3099 2107 difficul-

866 2167 995 2225 tate
1024 2156 1345 2244 persolvat
1383 2154 1738 2240 annuatim,
1778 2155 1953 2224 nullo
1983 2152 2108 2225 alio
2159 2155 2460 2224 mandato
2499 2175 2696 2244 super
2730 2157 2854 2224 boc
2898 2173 3100 2242 expec-

872 2282 1024 2338 tato.
1072 2269 1257 2354 Quod
1298 2282 1365 2338 ut
1403 2281 1611 2339 ratum
1655 2282 1719 2339 et
1761 2267 1991 2339 stabile
2017 2280 2390 2359 permaneat
2432 2266 2495 2336 in
2538 2269 2821 2338 [uturum
2857 2288 3098 2358 presen-

871 2380 1043 2452 tibus
1087 2379 1320 2453 litteris
1372 2395 1665 2453 nostrum
1712 2383 1985 2453 fecimus
2024 2384 2260 2472 apponi
2312 2382 2621 2472 sigillum.
2665 2385 2891 2452 Actum
2947 2380 3096 2471 apud

869 2495 1170 2581 Vicenas,
1211 2518 1379 2568 anno
1418 2494 1675 2567 Domini
1724 2497 1917 2578 1275,
1958 2517 2184 2567 mense
2209 2496 2460 2571 martio.

1830 2835 2165 2898 cccxxix

1778 3112 1814 3174 2
1859 3114 2021 3176 avril
2062 3110 2221 3174 1276

871 3332 1338 3387 Amortissement
1368 3348 1441 3388 an
1465 3333 1716 3405 chapitre
1739 3352 1842 3406 par
1871 3335 2122 3408 l’eveque
2152 3335 2366 3391 Robert
2390 3333 2460 3388 de
2488 3333 2542 3387 la
2571 3332 2764 3388 moitie
2794 3331 2863 3388 de
2888 3332 2937 3386 la
2962 3330 3098 3384 dlme

937 3428 1007 3482 de
1041 3428 1256 3484 Vienne
1285 3433 1340 3483 et
1384 3428 1458 3483 du
1488 3430 1716 3485 sixieme
1748 3429 1816 3485 de
1844 3431 2043 3486 l’autre
2073 3431 2287 3497 moitie,
2321 3430 2513 3500 legues
2541 3445 2613 3485 au
2657 3429 2909 3501 chapitre
2933 3442 3029 3498 par
3053 3425 3097 3479 le

942 3524 1125 3595 doyen
1150 3526 1289 3580 Jean
1326 3542 1468 3598 pour
1496 3528 1766 3582 accroitre
1796 3528 1878 3582 les
1909 3526 2318 3582 distributionS.

1014 3671 1199 3742 (Orig.
1233 3689 1275 3726 s,
1298 3672 1489 3744 parch.
1514 3672 1682 3728 Arch.
1714 3671 1791 3727 du
1820 3673 2029 3741 Loiret‚
2063 3673 2130 3728 G.
2171 3673 2298 3729 370.
2334 3703 2400 3713 -
2433 3672 2619 3744 Copie,
2651 3671 2795 3728 Bibl.
2830 3672 2944 3727 Nat.

1225 3769 1353 3824 coll.
1387 3769 1636 3838 Morem,
1669 3774 1708 3824 t.
1746 3768 1849 3824 199
1881 3787 1895 3825 :
1923 3769 2067 3838 223;
2102 3770 2176 3825 du
2207 3769 2408 3827 cartul.
2438 3770 2485 3824 fo
2516 3768 2622 3826 180
2653 3773 2757 3838 v0).

966 3981 1293 4050 Universis
1339 3992 1676 4070 presentes
1730 3979 1974 4051 litteras
2013 3980 2402 4073 inspecturis
2465 3983 2809 4063 Robertus‚
2852 3976 3095 4047 misera-

875 4093 1049 4164 tione
1080 4093 1290 4163 divina
1336 4093 1811 4165 Aurelianensis
1860 4097 2232 4188 episcopu3‚
2274 4097 2545 4167 salutem
2586 4108 2651 4166 et
2689 4096 2993 4165 sinceram
3033 4091 3095 4159 in

871 4205 1148 4280 Domino
1204 4207 1558 4278 caritatem.
1632 4207 2027 4281 Dilectorum
2094 4211 2367 4280 filiorum
2435 4206 2660 4280 decani
2727 4223 2793 4281 et
2856 4204 3096 4296 capituli

870 4320 1146 4391 ecclesie
1199 4321 1674 4393 Aurelianensis
1713 4325 2014 4413 precibus
2071 4322 2389 4406 inclinati,
2432 4323 2680 4394 eisdem
2720 4337 2788 4394 et
2843 4314 3091 4392 ecclesie

871 4448 1089 4505 nostre
1147 4435 1589 4506 Aurelianensi
1656 4436 2004 4507 liberaliter
2063 4440 2482 4509 concedimus
2546 4451 2612 4507 ut
2684 4437 2807 4528 ipsi
2867 4430 3089 4527 possint

870 4562 1086 4619 tenere
1126 4551 1190 4618 in
1229 4572 1419 4619 manu
1463 4562 1709 4620 mortua
1751 4564 1815 4620 et
1846 4549 2182 4641 possidere
2219 4551 2284 4621 in
2326 4565 2704 4642 perpetuum
2738 4551 2984 4643 pacifice
3026 4557 3085 4615 et

869 4666 1088 4751 quiete
1141 4666 1552 4734 medietatem
1590 4665 1843 4735 decime
1897 4668 1976 4735 de
2015 4664 2255 4737 Vianna
2295 4679 2359 4736 et
2397 4679 2635 4736 sextam
2681 4679 2915 4756 partem
2945 4662 3086 4731 alte·
