3485 5571
1614 601 1969 670 -148-

1665 970 1902 1031 LXXVI

1053 1250 1383 1326 Etampes‚
1422 1245 1517 1326 [31
1553 1261 1733 1307 mars
1765 1244 1922 1307 1157
1951 1243 1992 1307 a
2018 1243 2096 1308 19
2127 1244 2289 1307 avril
2320 1242 2502 1323 1158]

650 1526 822 1582 Louis
867 1527 968 1583 vn
1011 1532 1266 1598 exempte
1310 1526 1380 1582 de
1421 1527 1669 1582 diverses
1707 1524 2044 1582 redevances
2086 1527 2139 1582 la
2181 1526 2400 1581 maison
2442 1525 2519 1582 du
2564 1525 2696 1582 four
2742 1525 2812 1581 de
2855 1529 2908 1582 la

721 1623 931 1681 Chaine
964 1624 1269 1680 construite
1300 1639 1402 1695 par
1431 1639 1534 1678 son
1581 1623 1891 1694 chapelain‚
1936 1621 2130 1678 Andre
2185 1622 2254 1678 de
2300 1622 2709 1679 Saint-Hilaire
2735 1621 2905 1678 d’Or·

720 1719 898 1784 leans,
930 1725 981 1776 et
1020 1719 1169 1774 l'etal
1199 1719 1320 1775 bati
1351 1735 1495 1791 pour
1532 1719 1615 1774 les
1656 1719 1883 1775 besoins
1912 1718 2074 1774 dudit
2117 1718 2247 1774 four
2268 1733 2287 1790 3
2338 1718 2378 1773 il
2424 1718 2621 1774 decide
2666 1734 2778 1790 que
2829 1719 2916 1773 les

719 1816 880 1872 hotes
908 1815 978 1871 de
1007 1820 1151 1870 cette
1184 1816 1401 1870 maison
1430 1831 1501 1870 ne
1529 1822 1723 1870 seront
1742 1813 2095 1886 justiciables
2135 1830 2246 1886 que
2285 1814 2361 1870 du
2402 1815 2508 1885 roi,
2540 1814 2616 1870 du
2646 1814 2914 1870 senechal

666 1919 669 1920 ’
718 1928 791 1967 ou
820 1911 897 1967 du
930 1911 1277 1967 chancelier.

652 2059 830 2130 (Orig.
862 2061 1038 2116 Arch.
1067 2061 1144 2116 du
1168 2059 1374 2125 Loiret,
1403 2060 1471 2117 G.
1502 2058 1627 2114 421.
1658 2090 1725 2100 —
1761 2059 1929 2131 Copie
1956 2058 2079 2114 Bib.
2109 2059 2239 2116 Nat.
2271 2058 2410 2115 Coll.
2445 2060 2696 2128 Moreau,
2727 2063 2769 2115 t.
2801 2059 2915 2114 68:

1247 2155 1374 2225 182,
1407 2156 1626 2227 d’apres
1654 2156 1706 2213 le
1729 2155 2024 2212 cartulaire
2049 2154 2094 2211 f⁰
2116 2156 2189 2212 23
2217 2155 2321 2228 τ’).

897 2304 1061 2374 (Pub.
1097 2303 1391 2371 Luchaire,
1423 2303 1517 2360 Et.
1544 2320 1647 2358 sur
1671 2303 1751 2358 les
1774 2309 1929 2359 acles
1957 2303 2032 2358 de
2061 2303 2229 2361 Leuis
2271 2302 2399 2369 VII,
2432 2315 2498 2358 n⁰
2527 2302 2681 2374 394).

738 2552 806 2617 In
850 2546 1110 2619 nomine
1151 2560 1374 2619 sancte
1414 2560 1477 2618 et
1534 2546 1864 2618 individue
1916 2544 2265 2631 Trinitatis,
2313 2568 2529 2617 amen.
2584 2549 2715 2635 Ego
2791 2551 2917 2616 Lu-

650 2661 947 2747 dovicuS,
990 2660 1104 2732 Dei
1135 2661 1346 2752 gracia
1369 2664 1756 2732 Francorum
1789 2683 1922 2731 rex.
1950 2664 2149 2731 Decet
2173 2658 2410 2751 regiam
2444 2659 2914 2751 benignitatem

653 2792 939 2849 nostram
978 2791 1049 2847 ut
1087 2777 1371 2848 fidelium
1412 2789 1780 2848 nostrorum
1821 2773 2362 2868 postulationibus
2402 2799 2621 2847 aurem
2656 2773 2912 2848 facilem

658 2895 1068 2982 prebeamus.
1123 2896 1265 2977 Qua
1325 2890 1844 2963 consideratione
1891 2888 2204 2982 capellani
2266 2889 2466 2961 nostri
2517 2893 2766 2961 Andree
2831 2890 2916 2961 de

655 3008 890 3077 Sancto
918 3004 1150 3076 Hilario
1185 3003 1657 3088 Aurelianensi,
1718 3004 1829 3096 qni
1888 3003 2105 3090 nobis,
2155 3007 2318 3075 ultra
2373 3020 2438 3077 et
2491 3006 2653 3077 citra
2704 3027 2908 3087 mare,

657 3119 962 3192 servierat
998 3121 1080 3190 ad
1119 3120 1423 3210 graciam,
1468 3141 1694 3210 preces
1749 3117 2156 3211 suscepimus
2208 3134 2272 3190 et
2317 3121 2547 3191 effectu
2589 3119 2916 3211 mancipa-

659 3232 890 3304 vimus.
940 3232 1157 3304 Sciant
1196 3232 1413 3323 itaque
1456 3232 1765 3317 universi,
1805 3245 1870 3304 et
1931 3245 2266 3323 presentes
2328 3245 2390 3304 et
2455 3232 2674 3320 futuri,
2737 3235 2913 3324 quod

663 3371 776 3440 pro
814 3370 1031 3418 amore
1053 3346 1343 3438 jamdicn
1385 3347 1662 3430 Andree,
1706 3369 1820 3439 per
1879 3346 2222 3417 consilium
2277 3369 2499 3418 eorum
2565 3348 2674 3438 qui
2724 3347 2914 3419 nobis

661 3459 1061 3532 adsistebant
1118 3459 1404 3531 fidelium
1445 3473 1848 3544 nostrorum,
1891 3461 2153 3531 domum
2205 3459 2373 3532 furni
2438 3464 2519 3533 de
2597 3463 2910 3546 Cathena,

662 3598 851 3667 quam
892 3574 1235 3658 edificavit,
1276 3576 1490 3646 eidem
1533 3573 1975 3645 liberavimus.
2020 3579 2113 3646 De
2139 3573 2404 3646 culcitra
2445 3573 2702 3666 penitus
2728 3593 2792 3647 et
2831 3577 2915 3646 de

664 3688 838 3760 omni
876 3690 1145 3760 excubia
1184 3687 1535 3780 predictam
1604 3691 1870 3761 domum
1923 3688 2361 3774 liberavimus,
2400 3688 2527 3759 nisi
2589 3692 2749 3763 torte
2806 3712 2916 3760 rex

664 3826 777 3895 per
815 3802 1060 3875 litteras
1099 3826 1251 3874 suas
1279 3816 1388 3874 aut
1448 3825 1562 3894 per
1611 3802 1941 3875 hominem
1974 3805 2054 3875 de
2124 3806 2317 3876 domo
2373 3826 2489 3875 sua
2543 3804 2919 3897 requisierit

658 3917 1017 4002 excubiam,
1044 3916 1355 4010 quociens
1406 3916 1546 4009 ipse
1585 3917 1891 3991 evenerit.
1939 3919 2246 4009 Ejusdem
2303 3921 2536 3991 domus
2593 3919 2912 4010 hospites,

660 4033 714 4105 si
775 4032 1032 4126 quidam
1092 4032 1153 4103 in
1209 4035 1535 4123 querelam
1598 4035 1916 4117 venerint,
1967 4034 2377 4104 solummodo
2433 4057 2546 4126 per
2603 4056 2751 4119 nos„
2803 4049 2915 4107 aut

653 4171 767 4239 per
807 4147 1162 4240 dapiferum
1189 4161 1508 4229 nostrum,
1543 4160 1659 4218 aut
1688 4170 1805 4237 per
1834 4146 2293 4218 cancellarium
2344 4161 2670 4232 nostrum,
2724 4147 2914 4241 justi-

655 4265 820 4334 ciam
861 4260 1117 4333 facient.
1147 4263 1222 4330 Et
1261 4285 1374 4353 pro
1405 4260 1670 4352 justicie
1704 4263 2124 4333 exsecutione
2153 4264 2313 4332 ultra
2346 4265 2909 4349 Castrumnovum,

652 4376 785 4449 sive
828 4379 987 4446 ultra
1027 4388 1275 4467 septem
1311 4378 1533 4467 leugas
1591 4379 1761 4447 foras
1824 4373 2207 4459 Aurelianis,
2289 4398 2419 4447 non
2491 4375 2753 4448 venient
2827 4381 2909 4449 ad

649 4490 925 4582 aliquam
1021 4490 1581 4561 submonicionem
1682 4503 2020 4573 nostram;
2105 4512 2231 4579 que
2317 4490 2726 4562 submonicio
2803 4494 2912 4562 fiat

650 4627 762 4694 per
797 4603 1040 4676 litteras
1065 4617 1344 4687 nostra&
1389 4616 1500 4675 aut
1536 4626 1649 4694 per
1681 4603 2011 4675 hominem
2052 4606 2132 4674 de
2171 4606 2370 4674 domo
2437 4618 2682 4678 nostra.
2758 4609 2914 4676 Pre-
