3485 5571
1440 655 1717 717 -9-

448 809 671 860 amore
724 801 787 857 et
820 807 933 875 pro
968 782 1068 853 his
1109 782 1440 854 beneficiis
1485 782 1881 854 enumeratis
1946 805 2134 853 suum
2202 797 2266 854 et
2314 785 2558 853 Radulfi
2601 783 2699 854 sui

448 901 678 991 patrm,
738 914 800 971 et
840 900 1099 968 domine
1154 895 1509 967 Adenordis
1547 912 1612 968 et
1651 899 1924 968 heredes
1962 893 2205 965 domini
2271 895 2550 966 Simonis
2592 897 2698 987 qui

448 1019 572 1085 bec
627 1011 988 1104 supradicta
1042 1011 1357 1082 beneficia
1431 1011 1830 1082 concesserit
1894 1010 2366 1100 anniversarios
2423 1009 2562 1081 dies
2631 1010 2695 1080 in

445 1126 726 1199 ecclesia
766 1131 997 1196 Sancte
1056 1124 1277 1195 Crucis
1318 1123 1645 1194 annuatim
1709 1127 2093 1205 recolerem,
2159 1138 2223 1194 et
2282 1123 2345 1193 in
2400 1126 2690 1214 ejusdem

447 1242 728 1313 ecclesie
796 1238 1231 1329 martirologio
1297 1239 1717 1321 seriberent;
1800 1241 1964 1309 bane
2038 1253 2248 1309 autem
2309 1237 2693 1329 peticionem

444 1378 679 1426 omnes
741 1351 1129 1423 unanimiter
1184 1365 1653 1424 concesserunt
1727 1366 1793 1423 et
1853 1355 2024 1442 quod
2076 1351 2379 1422 dominus
2457 1357 2693 1443 Symon

445 1468 720 1559 petierat
758 1466 1142 1559 generaliter
1178 1467 1310 1537 fieri
1356 1466 1847 1557 promisserunt.
1916 1470 2208 1536 Preterea
2276 1488 2395 1557 ego
2455 1471 2689 1557 Symon

446 1586 528 1653 de
600 1581 1022 1672 Balgenciaco
1080 1579 1377 1650 similiter
1435 1603 1547 1671 pro
1606 1579 1994 1671 supradictis
2045 1578 2384 1650 animabus
2452 1595 2518 1651 et
2580 1603 2693 1671 pro

447 1717 598 1767 meo
679 1697 917 1766 herede
985 1695 1091 1785 qui
1170 1698 1292 1765 boc
1368 1694 1793 1777 concesserit,
1884 1697 2048 1764 duos
2124 1694 2367 1765 solidos
2456 1717 2695 1765 census

446 1809 781 1881 annuatim
831 1808 895 1878 in
948 1812 1111 1879 lesto
1164 1806 1330 1879 beati
1362 1807 1620 1878 Firmini
1668 1810 1838 1879 dono
1904 1806 1970 1878 in
2034 1823 2410 1899 perpetuum
2456 1831 2689 1900 paupe-

448 1923 628 1994 ribus
692 1920 1055 1994 Elemosine
1139 1927 1371 1992 Sancte
1450 1922 1670 1993 Crucis
1773 1924 1941 1992 unde
2027 1921 2151 2012 ipsi
2233 1936 2298 1993 et
2367 1922 2684 2013 presbiter

446 2039 738 2127 ejusdem
825 2038 1056 2106 domus
1150 2038 1662 2126 procurabuntur
1712 2037 1792 2105 de
1856 2057 2047 2106 carne
2117 2038 2180 2105 in
2255 2034 2694 2107 anniversario

447 2149 713 2222 domine
779 2149 1136 2221 Adenordis
1205 2152 1376 2240 quod
1451 2151 1892 2221 celebrabunt.
1969 2152 2188 2221 Adbuc
2243 2172 2500 2241 quoque
2574 2173 2694 2242 ego

447 2262 672 2335 Simon
738 2287 852 2355 pro
939 2262 1323 2354 supradictis
1380 2262 1717 2334 animabus
1800 2265 1883 2334 do
1967 2262 2260 2354 Leprosis
2327 2262 2683 2335 Aurelianis

445 2377 887 2467 annuatim-ll
964 2377 1206 2449 solidos
1280 2401 1519 2449 census
1612 2380 1675 2448 in
1753 2380 1916 2448 festo
1996 2379 2198 2449 sancti
2283 2378 2539 2448 Firmini
2614 2382 2692 2448 ad

447 2495 923 2583 procurandum
999 2515 1114 2564 eos
1153 2506 1216 2563 et
1279 2515 1500 2563 eorum
1570 2491 1994 2583 presbiterum
2069 2496 2413 2563 decarne
2474 2492 2538 2562 in
2591 2492 2693 2563 die

445 2606 864 2678 anniversarii
905 2607 1163 2678 domine
1217 2606 1572 2679 Adenordis
1634 2610 1803 2698 quod
1861 2606 2189 2678 annuatim
2249 2609 2694 2678 celebrabunt.

444 2721 847 2792 Manifestum
886 2719 1080 2792 etiam
1144 2722 1227 2793 sit
1286 2722 1588 2813 quoniam
1653 2744 1773 2813 ego
1842 2720 2061 2792 Simon
2123 2725 2203 2793 de
2242 2720 2689 2813 BalgenciacO,

444 2834 615 2906 sicut
690 2834 1125 2926 supradictum
1189 2852 1289 2906 est
1362 2860 1474 2928 pro
1542 2859 1680 2907 mea
1721 2850 1785 2907 et
1848 2838 2089 2907 Radulfi
2168 2837 2290 2907 mei
2373 2837 2568 2928 patris
2630 2851 2692 2908 et

442 2948 706 3019 domine
758 2949 1116 3020 Adenordis
1177 2966 1241 3020 et
1290 2949 1413 3021 mei
1456 2949 1709 3021 heredis
1749 2949 1854 3040 qui
1898 2953 2019 3020 boe
2059 2954 2469 3026 benefactum
2537 2974 2692 3022 con-

443 3061 716 3134 cesserit
755 3065 1098 3133 animabus
1138 3065 1220 3133 do
1268 3062 1596 3134 annuatim
1659 3062 1938 3134 ecclesie
1995 3063 2169 3134 Beati
2232 3063 2542 3134 Maximini
2608 3069 2685 3135 Ill

444 3177 690 3248 solidos
724 3199 961 3248 census
992 3175 1055 3245 in
1096 3179 1266 3248 testo
1301 3176 1503 3247 sancti
1544 3180 1715 3267 quod
1750 3191 1850 3248 est
1899 3176 1963 3247 in
2017 3181 2367 3268 septembri
2429 3177 2690 3249 Firmini

444 3290 503 3360 in
535 3314 668 3362 uno
708 3294 893 3362 stallo
934 3289 1050 3361 fori
1095 3291 1493 3381 Balgenciaci
1534 3294 1610 3361 ad
1677 3295 2150 3382 procurandum
2200 3296 2554 3364 monachos
2606 3296 2686 3363 de

444 3404 730 3495 piscibus
802 3404 866 3475 in
927 3403 1362 3476 anniversario
1432 3404 1535 3476 die
1602 3404 1862 3476 domine
1938 3405 2295 3477 Adenordis
2356 3409 2525 3497 quod
2586 3431 2694 3478 an-

446 3522 691 3589 nuatim
740 3521 1156 3590 celebrabunt
1202 3534 1266 3590 et
1313 3517 1503 3590 etiam
1560 3534 1827 3609 pascent
1870 3543 2065 3589 unum
2122 3543 2497 3611 pauperem.
2559 3525 2690 3612 Ego

444 3647 655 3703 autem
700 3631 917 3703 Simon
958 3631 1204 3722 accipio
1238 3632 1303 3702 in
1346 3656 1485 3704 mea
1525 3632 1816 3705 custodia
1855 3633 2075 3704 asinos
2114 3634 2220 3724 qui
2284 3638 2363 3706 de
2420 3658 2686 3708 nemore

446 3746 702 3817 domine
734 3746 1039 3817 Beatriois
1066 3747 1333 3840 afferent
1368 3746 1537 3838 ligna
1560 3751 1638 3818 ad
1668 3746 2011 3837 coquinam
2037 3752 2498 3820 monachorum
2530 3757 2688 3820 etad

447 3863 720 3931 Domum
765 3863 880 3931 Dei
944 3884 1090 3931 cum
1151 3859 1407 3950 antiqua
1472 3861 1943 3932 consuetudine
1992 3885 2186 3952 quam
2265 3863 2353 3932 ibi
2426 3867 2688 3934 habent.

450 3979 586 4064 Ego
625 3974 816 4045 etiam
860 3974 1079 4044 Simon
1123 3997 1235 4063 pro
1285 3997 1425 4045 mea
1465 3988 1529 4046 et
1569 3998 1681 4066 pro
1721 3976 2025 4046 omnibus
2061 3976 2319 4067 prelatis
2356 3976 2695 4048 animabus

447 4102 509 4157 et
582 4111 699 4178 pro
738 4110 881 4158 meo
920 4091 1157 4159 herede
1217 4088 1322 4178 qui
1396 4092 1520 4159 hoc
1574 4087 1974 4160 concesserit
2049 4093 2132 4160 do
2198 4089 2532 4161 monacbis
2610 4095 2690 4162 de

450 4203 741 4292 Cornelly
777 4200 1107 4271 annuatim
1155 4206 1287 4273 XIII
1350 4202 1648 4273 denarios
1703 4225 1942 4274 census
1982 4205 2348 4274 reddendos
2405 4202 2468 4273 in
2532 4208 2694 4276 testo

450 4314 653 4385 sancti
686 4315 944 4386 Firmini
987 4338 1102 4406 pro
1141 4315 1451 4387 faciendis
1474 4316 1931 4387 anniversariis
1972 4341 2085 4408 pro
2110 4341 2214 4388 me
2253 4332 2315 4388 et
2345 4332 2520 4408 patre
2548 4342 2691 4390 mco

452 4442 512 4497 et
541 4429 795 4500 domina
839 4432 1173 4500 Adenorde
1212 4443 1277 4501 et
1319 4453 1461 4501 meo
1506 4434 1741 4501 herede
1783 4430 1888 4517 qui
1943 4435 2064 4500 boc
2105 4430 2527 4502 concesserit.
2572 4437 2690 4503 No-

454 4556 581 4611 tum
634 4546 718 4613 sit
756 4548 927 4634 quod
981 4566 1101 4635 ego
1142 4543 1359 4614 Simon
1403 4547 1483 4614 do
1526 4543 1835 4634 Leprosis
1877 4545 2278 4633 Balgenciaci
2329 4549 2404 4616 Ill
2447 4546 2694 4617 solidos

454 4676 687 4728 census
727 4661 1096 4733 reddendos
1123 4657 1184 4727 in
1215 4661 1377 4728 festo
1419 4657 1622 4728 sancti
1659 4656 1917 4728 Firmini
1943 4661 2027 4728 ad
2059 4662 2396 4731 emendam
2433 4683 2691 4730 earnem
