3485 5571
1366 668 1682 730 -13-

409 805 728 863 tranenses
777 815 940 883 quos
1001 790 1272 883 accipiet
1325 794 1405 863 de
1467 796 1822 883 prefectum
1885 793 2169 864 Avaziaci
2218 808 2281 864 et
2321 792 2641 864 Sodobrii.

405 910 687 976 Necnum
723 908 868 997 (sic)
931 908 1125 976 debet
1163 907 1461 976 dominus
1501 905 1720 978 Simon
1766 911 1834 977 B.
1871 910 2069 998 judeo
2109 909 2189 978 de
2229 908 2560 978 Meleduno
2598 911 2649 977 X

406 1019 595 1089 libras
657 1021 1141 1093 aurelianenses
1214 1022 1670 1111 persolvendas
1724 1025 1823 1091 XL
1889 1019 1990 1092 die
2038 1036 2182 1111 post
2244 1021 2410 1092 diem
2476 1023 2646 1112 iovis

403 1133 641 1204 adorati
671 1134 717 1204 ¹.
818 1138 1109 1205 Preterea
1214 1134 1514 1205 dominus
1612 1134 1830 1206 Simon
1919 1138 2108 1207 debet
2189 1139 2463 1207 Roherto
2541 1137 2654 1207 'de

407 1248 625 1318 Gaudo
679 1252 781 1318 XX
845 1250 1042 1319 libras
1098 1252 1580 1327 aurelianenses
1620 1271 1745 1339 que
1787 1251 2236 1340 persolventur
2283 1252 2363 1320 de
2408 1251 2659 1340 prefec-

406 1376 540 1433 tura
568 1361 885 1435 Jahannis
917 1365 1062 1455 (sic)
1099 1379 1163 1434 et
1190 1362 1491 1435 domiuus
1512 1363 1731 1435 Simon
1770 1364 2013 1456 pepigit
2043 1386 2188 1434 eum
2230 1386 2303 1435 ex
2329 1376 2466 1434 toto
2510 1387 2657 1435 esse

402 1476 755 1551 immunem
798 1501 910 1571 per
946 1483 997 1548 X
1034 1502 1241 1550 anuos
1268 1482 1349 1550 ab
1398 1478 1700 1550 omnibus
1738 1478 2179 1550 exactionibus
2218 1501 2332 1550 seu
2374 1501 2651 1551 consue-

404 1592 734 1663 tudinibus
772 1591 856 1663 ita
897 1595 1066 1682 quod
1114 1593 1413 1664 dominus
1464 1591 1861 1683 Balgenciaci
1913 1595 1981 1663 in
2024 1596 2147 1664 boc
2185 1592 2406 1684 spacio
2446 1592 2646 1665 nichil

403 1704 462 1776 in
517 1705 661 1777 suis
719 1709 917 1777 rebus
976 1720 1259 1798 caperet.
1317 1709 1490 1777 Idem
1541 1706 1762 1777 Simon
1813 1705 2004 1778 etiam
2047 1710 2241 1778 debet
2274 1710 2378 1777 XX
2410 1705 2657 1779 solidos

402 1820 654 1892 cuidam
697 1820 940 1894 rustico
979 1821 1085 1911 qui
1146 1822 1376 1893 locavit
1427 1825 1590 1894 duos
1621 1825 1819 1896 boves
1860 1822 2034 1894 uxori
2078 1822 2296 1895 llervei
2331 1824 2410 1894 cte
2448 1827 2652 1896 Joona

400 1957 560 2025 quos
636 1940 871 2027 Symon
925 1933 1210 2028 precepit
1284 1935 1443 2007 solvi
1508 1940 1587 2007 de
1627 1936 1984 2008 redditibus
2023 1960 2141 2009 sue
2204 1952 2396 2009 terre.
2432 1939 2656 2010 Adbuc

399 2071 656 2140 quoque
687 2046 826 2140 ipse
867 2052 1059 2120 debet
1093 2053 1378 2120 Roberto
1411 2052 2035 2120 Pedem-ad-terram
2077 2054 2128 2119 X
2155 2048 2352 2121 libras
2390 2048 2659 2121 aurelia-

396 2183 643 2232 nenses
685 2183 811 2252 que
850 2164 1179 2233 solventur
1232 2165 1311 2233 de
1344 2164 1699 2253 prefectum
1735 2165 2161 2234 Archenbaldi
2198 2161 2369 2254 Nigri
2448 2186 2655 2253 usque

394 2278 469 2345 ad
508 2279 750 2347 festum
793 2276 998 2347 sancti
1033 2273 1327 2366 Remigii.
1376 2280 1579 2348 Debet
1618 2275 1809 2347 etiam
1852 2278 2060 2348 eidem
2094 2279 2193 2346 11⁰·
2235 2275 2488 2347 modios
2519 2279 2653 2347 fru-

396 2390 604 2460 menti
659 2412 821 2479 quos
874 2393 1069 2460 donat
1124 2389 1208 2461 ei.
1274 2393 1479 2461 Debet
1517 2389 1708 2461 etiam
1764 2392 1904 2481 ipse
1948 2394 2133 2461 Petro
2175 2389 2465 2461 Buclerio
2495 2395 2652 2461 XVII

392 2505 645 2574 solidos
685 2526 848 2595 quos
886 2503 1172 2595 precepit
1209 2502 1386 2575 reddi
1429 2506 1507 2574 de
1546 2502 1903 2575 redditibus
1942 2528 2060 2575 sue
2103 2519 2293 2575 terre.

482 2622 752 2689 Summa
836 2622 1030 2710 hujus
1110 2618 1527 2710 suprascripti
1588 2618 1786 2689 debiti
1841 2634 1942 2690 est
2002 2621 2311 2690 undecies
2369 2622 2543 2691 mille
2591 2633 2656 2691 et

395 2747 664 2805 centum
702 2731 885 2805 solidi
920 2758 937 2819 ;
980 2736 1059 2806 de
1115 2734 1216 2805 bis
1277 2720 1491 2806 autem
1556 2748 1780 2825 quater
1817 2736 1993 2806 mille
2051 2732 2238 2806 solidi
2279 2749 2343 2806 et
2381 2748 2654 2827 quatuor

396 2847 553 2919 libre
585 2862 744 2919 sunt
806 2850 885 2920 de
932 2848 1362 2941 andegavensi
1404 2863 1684 2922 moneta.
1730 2855 1994 2919 Summa
2031 2847 2200 2919 illius
2240 2847 2438 2920 debiti
2479 2851 2650 2939 quod

397 2962 705 3032 dominus
745 2961 965 3034 Simon
996 2962 1176 3034 reddi
1216 2962 1627 3034 carnificibus
1665 2976 1730 3034 et
1760 2962 1904 3033 aliis
1927 2963 2294 3033 homiuibus
2314 2961 2511 3054 jussit
2541 2985 2655 3054 per

397 3098 665 3146 manum
706 3080 985 3148 Hernulfi
1027 3080 1105 3148 de
1165 3076 1504 3148 Avazaiaco
1542 3091 1639 3148 est
1670 3081 1908 3147 XXVIII
1949 3079 2109 3148 libre
2160 3092 2223 3147 et
2261 3080 2337 3146 Vl
2372 3075 2644 3146 denarii.

395 3193 665 3260 Summa
728 3213 1007 3284 expense
1074 3193 1239 3262 lacte
1297 3215 1409 3283 per
1473 3194 1843 3262 Hernull'um
1904 3193 1982 3261 ad
2043 3213 2229 3261 usum
2294 3189 2567 3280 coquine
2608 3214 2652 3260 a

395 3304 603 3375 media
658 3306 1145 3395 quadragesima
1191 3328 1396 3397 usque
1457 3309 1535 3375 ad
1613 3308 1853 3376 Pascha
1897 3319 1997 3376 est
2058 3309 2152 3375 LX
2191 3318 2256 3375 et
2292 3309 2367 3373 IX
2422 3301 2636 3374 solidi.

395 3422 665 3488 Summa
748 3418 945 3489 debiti
1024 3443 1135 3511 per
1210 3421 1576 3490 Simeonem
1655 3434 1759 3490 est
1842 3422 1997 3489 11110‘
2079 3433 2143 3490 et
2223 3421 2354 3488 Xlll
2426 3415 2644 3488 solidi.
2711 3483 2716 3486 .

394 3535 665 3601 Summa
705 3531 903 3603 debiti
954 3557 1064 3624 per
1116 3537 1462 3605 Robertum
1498 3537 1576 3604 de
1617 3536 1836 3604 Gaudo
1875 3546 1973 3603 est
2010 3535 2115 3602 Xll
2171 3531 2328 3602 libre
2359 3547 2423 3602 et
2463 3530 2651 3601 dimi-

279 3705 287 3716 .
398 3646 579 3738 [dial.
638 3650 897 3716 Summa
965 3652 1202 3719 veteris
1243 3647 1437 3718 debiti
1481 3671 1592 3739 per
1632 3650 1886 3718 Petrum
1933 3646 2328 3737 panetarium
2369 3659 2468 3716 est
2506 3648 2638 3715 Vlll

394 3760 554 3832 libre
596 3775 665 3831 et
689 3764 795 3830 XV
826 3759 1010 3831 solidi
1036 3761 1515 3832 aurelianenses
1541 3776 1604 3832 et
1625 3762 2020 3832 tantumdem
2049 3761 2164 3829 l'uit
2186 3761 2648 3831 condonatum.

348 3901 355 3908 ·
394 3878 661 3945 Summa
706 3873 902 3945 debiti
947 3898 1059 3965 per
1092 3878 1391 3946 eumdem
1429 3880 1681 3945 Petrum
1723 3898 1759 3946 a
1814 3876 2015 3945 Natali
2055 3894 2262 3964 usque
2294 3876 2373 3943 ad
2416 3877 2650 3944 festum

394 3987 605 4058 sancti
637 3986 843 4057 Albini
874 4002 975 4058 est
1004 3993 1080 4058 VI
1109 3986 1264 4060 libre
1311 4002 1375 4059 et
1418 3993 1519 4060 XII
1566 3987 1781 4060 solidi.
1821 3992 1976 4059 Item
2005 4010 2254 4058 summa
2288 4010 2400 4078 per
2435 3988 2649 4078 ipsum

394 4124 426 4170 a
459 4106 638 4172 testo
698 4101 902 4171 sancti
952 4100 1156 4171 Albini
1222 4124 1424 4192 usque
1485 4105 1562 4172 ad
1626 4102 1794 4173 diem
1845 4102 2063 4172 martis
2106 4114 2250 4191 post
2289 4103 2524 4170 Pascha
2573 4101 2653 4169 XI

396 4212 594 4279 libre.
643 4211 735 4278 De
780 4207 879 4278 his
909 4211 1224 4279 debentur
1253 4212 1459 4279 adbuc
1499 4214 1650 4280 llllor
1686 4211 1842 4281 libre
1882 4223 1945 4279 et
1979 4212 2081 4279 VII
2134 4208 2291 4277 libre
2323 4221 2472 4277 sunt
2510 4211 2655 4276 red-

399 4326 555 4394 dite.
607 4327 870 4430 Summa
928 4322 1121 4394 debiti
1192 4347 1302 4414 per
1378 4324 1747 4395 Gaufridum
1819 4330 1980 4416 Dray
2036 4337 2137 4394 est
2199 4325 2378 4391 XXXI
2434 4321 2647 4391 solidi.

478 4672 496 4704 ³
534 4670 855 4727 Au-dessus
878 4689 892 4725 z
925 4672 1117 4727 soluti.
