3485 5571
1321 665 1557 732 -207
1610 702 1680 715 —

1396 1020 1608 1082 CXXV

596 1299 682 1361 La
711 1296 1038 1378 Chapelle,
1073 1295 1229 1362 1200
1252 1297 1362 1378 [1⁶r
1387 1299 1778 1375 novembre,
1808 1296 1844 1361 a
1880 1296 1960 1361 24
1991 1313 2170 1363 mars
2197 1296 2403 1380 12011.

330 1539 418 1595 Le
461 1538 737 1612 chapitre
763 1540 953 1596 notifle
976 1539 1373 1598 l’ordonnance
1392 1543 1578 1615 royale
1601 1543 1699 1616 qui
1726 1544 2034 1600 n'autorise
2077 1542 2163 1600 les
2190 1542 2512 1615 operatione
2539 1543 2609 1598 de

410 1636 683 1708 change,
706 1636 844 1692 dans
871 1637 926 1693 la
954 1631 1216 1694 bunlieue
1244 1638 1557 1707 d’Orlaans,
1597 1656 1708 1714 que
1760 1639 1900 1696 dans
1950 1640 2004 1696 le
2046 1639 2240 1696 cloltre
2283 1640 2353 1698 de
2401 1640 2615 1697 Sainte-

420 1733 614 1789 Croix
643 1733 844 1790 devant
873 1733 926 1790 la
945 1734 1262 1791 cathedrale
1280 1736 1322 1807 ¹,
1354 1736 1485 1792 sauf
1505 1737 1620 1793 lors
1643 1736 1744 1792 des
1769 1736 1940 1793 foires
1970 1735 2188 1809 royales
2206 1735 2250 1792 ².

893 1880 1078 1954 (Orig.
1109 1898 1156 1939 s.
1188 1881 1381 1955 purch.
1417 1882 1591 1938 Arch.
1623 1881 1753 1939 Nat.
1783 1882 1813 1938 J
1827 1928 1841 1943 .
1864 1880 2010 1940 170:
2041 1880 2099 1951 2)

449 2101 721 2194 F[ulco]
788 2102 1073 2172 decanus
1136 2112 1201 2172 et
1257 2101 1632 2172 universum
1695 2102 2050 2192 capitulum
2126 2098 2612 2188 Aurelianense,

345 2212 676 2285 omnibus
739 2212 803 2283 in
884 2215 1161 2285 Domino
1221 2215 1516 2285 salutem.
1582 2212 1887 2285 Noverint
1945 2213 2223 2286 universi
2281 2227 2621 2306 presentes

349 2326 613 2418 pariter
641 2340 707 2399 et
742 2326 936 2397 futuri
982 2330 1153 2418 quod
1195 2350 1301 2399 rex
1351 2326 1549 2399 voluit
1606 2342 1669 2399 et
1730 2329 1800 2398 in
1850 2341 2229 2421 perpetuum
2286 2326 2617 2400 concessit

353 2445 536 2534 quod
584 2446 800 2515 nullus
837 2466 1135 2536 campsor
1161 2444 1436 2516 cambiat
1487 2443 1646 2515 iufra
1708 2445 2027 2516 baulivam
2092 2444 2368 2517 civitatis
2424 2450 2622 2517 Aure-

357 2557 591 2646 lianis,
634 2558 759 2629 nisi
786 2581 1085 2652 campsor
1121 2557 1230 2651 qui
1261 2557 1537 2630 cambiet
1577 2557 1641 2629 in
1675 2582 1900 2631 mensa
1935 2558 2506 2632 nummulariorum
2556 2559 2621 2629 in

355 2675 651 2745 claustro
690 2679 921 2745 Sancte
961 2672 1183 2745 Crucis
1228 2671 1581 2745 Aurelianis
1636 2675 1782 2766 (sic)
1843 2688 1991 2746 ante
2059 2677 2364 2767 majorem
2415 2676 2622 2746 eccle-

357 2792 561 2876 siam,
606 2812 728 2862 nec
767 2792 963 2862 etiam
1002 2812 1300 2880 campsor
1321 2788 1552 2882 aliquis
1599 2791 1879 2862 cambiat
1930 2804 2148 2882 aperta
2206 2812 2433 2861 mensa
2491 2788 2620 2861 nisi

358 2906 426 2974 in
453 2907 743 2977 claustro
784 2909 1017 2977 Sancte
1058 2904 1278 2976 Crucis
1307 2918 1454 2977 aute
1481 2908 1791 2996 majorem
1811 2903 2179 2988 ecclesiam,
2215 2917 2620 2997 preterquam

358 3016 425 3088 iu
468 3018 784 3091 nundinis
824 3017 1065 3091 domini
1106 3018 1300 3111 regis,
1343 3018 1407 3089 in
1449 3018 1681 3111 quibus
1721 3021 1948 3091 licebit
1986 3018 2083 3090 eis
2137 3032 2356 3111 aperta
2398 3042 2620 3090 mensa

359 3134 677 3205 cambire.
718 3138 891 3205 Hauc
929 3149 1145 3206 autem
1176 3134 1716 3206 consuetudinem
1754 3132 1819 3203 in
1853 3146 2230 3225 perpetuum
2272 3136 2620 3205 tenendam

362 3246 697 3320 concessit
727 3251 848 3319 sub
877 3251 999 3320 bac
1031 3251 1232 3320 forma
1256 3250 1426 3339 quod
1470 3270 1843 3340 campsores
1892 3250 2188 3335 reddent,
2218 3259 2281 3319 et
2346 3244 2622 3338 singulis

363 3364 586 3447 aunis,
632 3375 893 3454 propter
922 3364 1047 3433 hoc
1074 3366 1125 3433 X
1168 3361 1362 3433 libras
1391 3364 1459 3432 in
1495 3362 1805 3433 nundinis
1857 3361 1994 3433 suis
2026 3359 2385 3433 Aurelianis
2417 3359 2624 3452 proxi-

365 3474 489 3546 mis
516 3491 670 3548 ante
705 3480 938 3548 testum
980 3476 1284 3548 Omnium
1315 3480 1719 3560 Sanctorum,
1763 3490 1828 3547 et
1866 3489 2080 3568 preter
2122 3479 2247 3547 hoc
2278 3477 2325 3546 C
2377 3474 2623 3547 solidos

368 3613 481 3680 pro
512 3589 879 3683 monetagio
921 3592 979 3662 ei
1021 3593 1292 3663 reddent
1347 3590 1618 3683 siugulis
1672 3593 1862 3663 annis
1914 3593 1993 3662 ad
2050 3593 2318 3674 Pascha,
2379 3603 2442 3660 et
2499 3592 2622 3661 hoc

368 3701 493 3795 ipsi
532 3727 907 3799 campsores
946 3717 1412 3777 concesseruut
1443 3707 1616 3797 quod
1658 3704 1930 3796 singulis
1968 3703 2156 3775 aunis
2183 3726 2297 3796 pro
2334 3702 2632 3796 pauctio·

372 3818 564 3891 nibus
593 3819 735 3892 istis
765 3821 1035 3892 reddent
1074 3834 1139 3891 et
1167 3819 1311 3891 illas
1350 3822 1576 3891 decem
1617 3820 1815 3890 libras
1867 3818 1931 3889 in
1974 3816 2280 3911 predictis
2311 3817 2623 3890 nundinis

371 3945 436 4002 et
466 3936 513 4005 C
554 3934 799 4007 solidos
827 3958 941 4027 pro
976 3933 1342 4025 monetagio
1380 3935 1459 4005 ad
1502 3938 1745 4006 Pascha
1781 3958 1799 4018 ;
1842 3945 1906 4006 et
1972 3930 2096 4004 nisi
2137 3931 2427 4025 predicto
2492 3946 2624 4005 ter-

377 4048 549 4121 mino
590 4048 911 4142 predictas
971 4052 1024 4119 X
1073 4050 1267 4119 libras
1318 4053 1789 4140 persolverent,
1860 4068 1982 4119 nec
2043 4047 2348 4118 ecclesia*
2388 4049 2624 4117 Sancte

446 4409 465 4444 ¹
493 4412 704 4468 Devant
727 4411 781 4467 la
808 4416 937 4467 tour
973 4410 1429 4483 septentrionale,
1454 4410 1687 4483 appelee
1725 4426 1872 4482 pour
1908 4415 2051 4467 cette
2097 4410 2287 4467 raison
2332 4411 2487 4467 Tour
2523 4409 2622 4466 des

386 4495 644 4572 changes.
675 4501 795 4557 Elle
814 4500 986 4557 datait
1024 4500 1100 4557 du
1123 4511 1235 4557 111⁰
1264 4500 1434 4557 siecle
1464 4505 1519 4557 et
1545 4500 1631 4556 fut
1658 4499 1902 4555 demolie
1928 4515 2003 4555 au
2031 4505 2216 4556 xvnP.

448 4585 470 4620 ²
498 4590 686 4647 Lettre
716 4589 1025 4647 semblable
1053 4591 1123 4645 de
1153 4590 1404 4663 l'eveque
1420 4590 1670 4661 Hugues,
1703 4590 1847 4645 dans
1876 4589 1960 4645 les
1990 4591 2204 4645 memes
2222 4594 2429 4646 termes
2443 4594 2496 4645 et
2516 4588 2550 4644 ὰ
2568 4582 2622 4645 la

388 4675 558 4737 memo
593 4679 745 4739 date.
786 4680 1025 4749 (Teulet,
1056 4680 1318 4752 Luyettes
1351 4681 1432 4735 du
1457 4680 1662 4737 Tresor
1687 4679 1786 4735 des
1812 4680 2058 4746 chartas,
2088 4685 2128 4736 t.
2159 4679 2204 4750 Ι,
2237 4696 2291 4751 p.
2323 4678 2486 4748 223.)
