3485 5571
1358 738 1595 803 -353
1638 773 1714 784 —

1427 1089 1649 1153 CCLIX

1316 1362 1347 1423 J
1354 1361 1581 1425 anvier
1610 1360 1764 1423 1241

422 1614 679 1673 Decition
714 1614 980 1670 arbitrale
1027 1614 1096 1669 de
1139 1613 1390 1686 l’evdque
1429 1612 1751 1670 Guillaume
1789 1618 1844 1669 et
1881 1612 1959 1669 du
1996 1612 2197 1683 doyeu,
2229 1613 2526 1669 accordant
2556 1628 2667 1685 que

492 1711 675 1767 l'abbd
699 1712 771 1766 de
799 1710 1143 1778 St-Euverte,
1173 1708 1426 1782 lorsqu'il
1455 1725 1582 1766 sera
1609 1708 1911 1765 semaiuier
1934 1709 2077 1765 dans
2106 1710 2160 1764 la
2185 1709 2523 1778 cathedrale,
2545 1725 2671 1783 per·

491 1822 655 1862 cevra
684 1807 765 1862 les
793 1806 1198 1864 anniversaires
1224 1812 1275 1862 et
1305 1806 1356 1861 le
1384 1805 1514 1879 pain
1544 1821 1766 1861 comme
1794 1805 1881 1861 s’il
1905 1806 2036 1861 etait
2063 1805 2361 1862 chanoine.

895 1952 1070 2024 (Orig.
1100 1969 1148 2009 s.
1180 1952 1370 2025 parch.
1402 1952 1574 2008 Arch.
1609 1951 1685 2008 du
1709 1952 1918 2022 Loiret,
1950 1950 2015 2007 G.
2046 1951 2199 2024 271.)

516 2192 923 2279 (kinelmus,
983 2192 1195 2265 divina
1259 2192 1688 2286 permissione
1756 2192 2242 2268 Aurelianensis
2301 2192 2674 2288 episcopus,

423 2312 732 2382 omnibus
788 2311 867 2380 ad
931 2329 1096 2400 quos
1150 2323 1484 2400 presentes
1542 2308 1754 2382 littere
1810 2306 2228 2401 pervenerint
2281 2310 2554 2382 salutem
2609 2308 2675 2380 in

420 2426 726 2498 Domino.
787 2423 1087 2496 Noverint
1130 2424 1413 2495 universi
1467 2426 1643 2515 quod
1699 2446 1849 2495 cum
1903 2422 2232 2496 contentio
2284 2438 2459 2496 esset
2514 2422 2681 2497 inter

422 2538 699 2611 dilectos
748 2538 914 2609 filios
965 2541 1262 2611 abbatem
1301 2551 1367 2611 et
1404 2552 1793 2610 conventum
1834 2538 2051 2610 Sancti
2086 2537 2365 2625 Evurcii,
2419 2560 2494 2610 ex
2555 2561 2681 2609 una

424 2669 632 2745 parte,
657 2665 722 2725 et
749 2656 1066 2724 decanum
1096 2667 1157 2724 et
1194 2651 1544 2744 capitulum
1576 2651 2097 2738 AurelianenseS‚
2130 2676 2206 2725 ex
2230 2656 2453 2740 altera,
2489 2675 2684 2745 super

425 2765 861 2860 percipiendis
897 2766 1354 2841 anniversariis
1391 2790 1427 2839 a
1468 2770 1642 2841 dicto
1688 2771 1922 2841 abbate
1976 2767 2043 2839 iu
2106 2770 2384 2841 ecciesia
2429 2791 2685 2843 eorum-

425 2885 605 2968 dem,
658 2883 828 2954 dicte
882 2895 1097 2974 partes
1157 2884 1239 2954 de
1300 2884 1617 2954 bonorum
1674 2882 1954 2953 virorum
2010 2882 2283 2956 consilio
2345 2885 2411 2954 in
2463 2906 2582 2955 nos
2620 2897 2685 2955 et

425 2996 675 3068 dictum
717 2999 1031 3069 decanum
1070 2999 1223 3067 baut
1258 3009 1325 3068 et
1365 2999 1480 3067 bas
1515 2995 2125 3088 compromiserunt.
2180 3003 2317 3069 Nos
2359 3020 2511 3071 vero
2556 3000 2684 3070 duo

425 3114 504 3181 de
556 3131 884 3181 consensu
925 3107 1199 3202 partium
1239 3111 1453 3180 taliter
1501 3110 1901 3194 ordinamus,
1946 3107 2242 3182 videlicet
2287 3113 2457 3202 quod
2514 3109 2684 3182 idem

425 3227 628 3296 abbas
659 3235 725 3296 et
761 3225 903 3314 ejus
940 3244 1383 3310 successores,
1415 3226 1958 3315 quandocumque
1997 3226 2233 3297 {acient
2265 3223 2685 3316 personaliter

427 3343 862 3431 septimanam
925 3338 988 3407 in
1049 3337 1325 3410 ecclesia
1358 3340 1607 3431 maJori‚
1677 3336 1800 3430 ipsi
1858 3337 2217 3430 percipient
2253 3337 2684 3411 anniversaria

424 3467 491 3526 et
523 3475 759 3546 panem
791 3475 868 3524 ex
903 3451 1154 3544 integro
1194 3451 1361 3524 sicut
1401 3475 1569 3523 unus
1630 3455 2120 3524 canonicorum.
2161 3457 2348 3540 Quod
2375 3469 2444 3525 ut
2474 3469 2679 3526 ratum

426 3583 492 3640 et
531 3580 760 3641 notum
801 3578 1171 3658 permaneat
1209 3589 1329 3638 uos
1367 3581 1429 3638 et
1470 3567 1681 3638 dictus
1729 3570 2015 3640 decanus
2055 3584 2390 3659 presentes
2437 3567 2683 3640 litteras

428 3680 787 3774 sigillorum
842 3695 1211 3753 nostrorum
1262 3679 1616 3753 munimine
1654 3679 1951 3753 duximus
1989 3685 2403 3755 roborandas.
2458 3687 2680 3755 Actum

431 3820 607 3868 auno
643 3795 897 3867 Domini
934 3798 1088 3866 MCC
1125 3795 1639 3888 quadragesimo,
1675 3819 1899 3869 meuse
1921 3798 2241 3888 januario.

622 4900 767 4957 usu.
807 4911 948 4957 xxx.
2006 4959 2011 4966 ‚
2447 4895 2516 4952 23
