3485 5571
1747 631 2103 695 —-456-

799 763 1004 832 solvet
1068 756 1279 830 dictus
1339 757 1691 830 canonicus
1756 758 2043 850 quolibet
2093 781 2263 830 anno
2326 758 2389 829 in
2463 758 2808 830 vindemiis
2880 759 3043 829 dicto

801 872 1154 973 presbitero
1194 886 1257 944 et
1316 874 1454 964 ejus
1515 872 2007 944 successoribus
2072 873 2133 942 in
2188 873 2357 943 dicta
2415 872 2696 945 ecclesia
2737 877 3044 944 canonice

800 989 1217 1062 instituendis
1264 987 1549 1080 quinque
1587 989 1832 1060 solidos
1885 987 2334 1079 parisiensium
2408 988 2714 1079 quamdiu
2776 988 3044 1059 tenuerit

801 1104 1115 1177 decimam
1180 1100 1640 1194 supradictam,
1713 1117 1778 1174 et
1838 1125 1950 1193 pro
2025 1101 2215 1173 dictis
2280 1101 2563 1194 quinque
2635 1100 2864 1173 solidis
2925 1101 3044 1173 erit

799 1216 1105 1289 immunis
1143 1218 1315 1288 idem
1353 1215 1732 1299 canonicuS‚
1774 1214 2080 1308 quamdiu
2117 1212 2351 1285 dictam
2383 1214 2701 1286 decimam
2732 1218 3028 1297 tenuerit,

797 1355 831 1402 a
899 1330 1303 1422 prestacione
1376 1328 1575 1399 modii
1626 1327 2003 1420 supradicti.
2070 1333 2372 1413 Demum‚
2447 1331 2722 1399 cedente
2789 1331 2880 1399 vel
2932 1331 3039 1398 de·

799 1446 1070 1514 cedente
1112 1441 1399 1534 predicto
1458 1440 1731 1513 Guiardo
1773 1441 2217 1514 concanonico
2276 1456 2521 1524 nostro,
2587 1444 2807 1513 dictus
2856 1464 3024 1532 pres-

801 1557 965 1630 biter
1012 1555 1121 1647 qui
1185 1579 1357 1627 nunc
1416 1572 1519 1628 est
1583 1556 1648 1627 iu
1715 1559 1888 1628 dicta
1925 1555 2201 1629 ecclesia
2240 1568 2306 1627 et
2351 1558 2492 1647 ejus
2531 1579 2943 1628 successores
2973 1558 3036 1625 in

797 1675 1020 1745 eadem
1053 1673 1332 1744 ecclesia
1389 1670 1698 1742 canonice
1755 1670 2037 1742 instituti
2091 1669 2336 1741 dictum
2374 1672 2663 1740 modium
2705 1668 2831 1740 vini
2873 1693 3030 1740 anno

796 1786 1081 1878 quolibet
1119 1785 1183 1855 in
1227 1784 1567 1856 vindemiis
1598 1808 1795 1876 super
1833 1784 2000 1881 dicta
2043 1783 2292 1856 decima
2330 1799 2563 1855 extunc
2602 1783 3033 1877 percipientet

798 1903 1148 1986 habebunt,
1204 1912 1388 1991 prout
1442 1898 1505 1968 in
1546 1898 1933 1989 quibusdam
1976 1902 2217 1970 nostris
2256 1897 2398 1969 aliis
2429 1896 2657 1970 litteris
2703 1921 2895 1990 super
2921 1901 3030 1970 hoc

797 2017 1115 2086 conlectis
1158 2012 1412 2105 plenius
1469 2012 1856 2085 continetur.
1896 2017 1965 2083 In
2011 2015 2196 2103 cujus
2227 2012 2321 2083 rei
2357 2012 2734 2084 memoriam
2768 2028 2832 2084 et
2870 2010 3032 2083 testi-

798 2126 1086 2199 monium
1119 2126 1526 2218 presentibus
1567 2126 1797 2198 litteris
1837 2126 2128 2218 sigillum
2189 2141 2479 2198 nostrum
2513 2128 2817 2197 duximus
2854 2148 3030 2218 appo·

798 2244 1109 2313 nendum.
1165 2245 1397 2311 Datum
1458 2263 1629 2312 anno
1688 2239 1943 2312 Domini
1999 2242 2349 2313 millesimo
2410 2240 2860 2311 ducentesimo
2899 2244 3030 2311 LXX

796 2354 1098 2448 septimo,
1140 2356 1245 2425 die
1278 2354 1447 2445 jovis
1486 2369 1629 2446 post
1657 2354 1988 2426 estivalem
2031 2359 2266 2427 festum
2299 2355 2513 2427 Sancti
2543 2354 2908 2426 Benedicti.

1805 2752 2045 2817 CCCXL

1662 3056 1747 3117 4..
1765 3054 1987 3134 juillet
2016 3053 2176 3118 1278

792 3320 971 3376 Vente
996 3336 1067 3375 au
1097 3319 1365 3391 chapitre,
1398 3335 1499 3390 par
1526 3318 1660 3373 Jean
1682 3317 1936 3388 Paletau‚
1958 3317 2026 3373 de
2046 3334 2137 3373 ses
2158 3317 2331 3374 droits
2352 3334 2452 3374 sur
2471 3318 2524 3374 la
2538 3317 2691 3374 dime
2711 3318 2782 3374 de
2805 3320 3030 3375 vienne.

1219 3465 1402 3536 (Orig.
1444 3481 1491 3520 s.
1532 3463 1725 3535 parch.
1778 3463 1951 3521 Arch.
1982 3464 2059 3519 du
2090 3463 2301 3535 Loiret,
2362 3464 2430 3521 G.
2462 3463 2613 3530 370).

886 3716 1211 3788 Universis
1252 3728 1584 3807 presentes
1626 3712 1866 3786 litteras
1905 3714 2294 3806 inspecturis
2319 3715 2610 3787 officialis
2648 3717 2828 3790 curie
2850 3724 3033 3790 Aure·

795 3829 1103 3934 lianensis
1142 3844 1206 3901 et
1242 3828 1742 3901 archidiaconus
1770 3827 2156 3901 Soliacensis
2185 3829 2248 3899 in
2272 3830 2546 3902 ecclesia
2575 3833 3030 3917 Aurelianensi‚

794 3947 1066 4018 salutem
1103 3944 1168 4014 in
1206 3946 1512 4016 Domino.
1554 3942 1871 4016 Noveritis
1900 3949 2071 4036 quod
2128 3969 2342 4017 coram
2405 3950 2600 4018 nobis
2652 3946 3033 4020 constitutus

789 4063 1117 4132 lohannes
1147 4057 1357 4128 dictus
1401 4060 1721 4139 Paleteau‚
1768 4057 1934 4129 filius
1980 4059 2285 4130 deffuncti
2350 4058 2653 4130 Gauffridi
2712 4062 3029 4144 Paleteau‚

791 4171 1116 4263 armigeri,
1153 4184 1549 4264 spontaneus
1587 4194 1713 4242 non
1748 4185 2011 4242 coactus
2054 4173 2464 4245 medietatem
2503 4187 2744 4246 tractus
2794 4174 3035 4248 decime

793 4291 875 4360 de
912 4287 1133 4373 viana,
1170 4308 1364 4377 quam
1410 4287 1760 4376 capitulum
1801 4285 2257 4358 Aurelianense
2306 4300 2481 4359 tenet
2529 4301 2592 4360 et
2648 4292 2938 4381 possidet
2974 4289 3033 4360 in

793 4402 962 4474 dicta
997 4398 1327 4493 parrochia
1364 4401 1587 4484 Viane,
1636 4422 1785 4471 cum
1818 4402 1995 4471 omni
2029 4403 2172 4492 jure
2207 4414 2272 4472 et
2310 4402 2594 4474 dominio
2638 4406 2810 4494 quod
2851 4407 3037 4475 habe-

797 4520 903 4587 bat
941 4518 1008 4585 in
1048 4517 1219 4587 dicta
1257 4516 1534 4600 decima,
1576 4513 1863 4606 predicto
1914 4513 2192 4607 capitulo
2223 4515 2286 4586 in
2320 4532 2694 4609 perpetuum
2733 4516 3035 4589 admorti-

796 4630 1008 4702 ficavit
1036 4643 1099 4701 et
1138 4627 1444 4720 quicquid
1477 4628 1667 4721 juriS,
1714 4627 2005 4717 dominii,
2052 4629 2461 4722 proprietatis
2499 4644 2563 4703 et
2611 4630 3034 4723 possessionis
