3485 5571
1933 677 2052 741 316
2095 714 2172 724 —

864 807 1152 877 excedet.
1191 809 1396 896 Super
1443 809 1725 877 clausula
1767 829 1917 877 vero
1962 806 2065 877 illa
2115 829 2240 897 que
2280 806 2650 878 continetur
2690 806 2754 876 in
2814 807 3107 897 predictis

864 923 1095 994 litteris
1133 935 1205 992 ut
1260 944 1731 1013 quemcumque
1770 922 2084 993 voluerint
2136 925 2536 994 sacerdotem
2590 922 2651 991 in
2694 920 2970 993 ecclesia
3011 921 3118 1013 illa

863 1038 1202 1109 instituant
1228 1041 1323 1110 vel
1364 1041 1763 1129 capellanum
1817 1054 2079 1130 ponent,
2124 1062 2271 1110 cum
2314 1043 2502 1110 verba
2531 1040 2707 1111 civili
2739 1042 2932 1111 modo
2987 1039 3109 1111 sint

862 1152 1304 1244 intelligenda,
1361 1152 1454 1223 sic
1521 1155 1682 1223 facta
1756 1167 1857 1224 est
1917 1151 2359 1244 interpretatio
2431 1155 2567 1225 sive
2632 1152 2980 1225 declaratio
3043 1168 3108 1224 ut

861 1288 1335 1357 quemeumque
1360 1267 1701 1348 voluerint,
1728 1265 1902 1337 licite
1934 1266 2177 1338 scilicet
2207 1281 2270 1338 et
2297 1270 2591 1349 honeste,
2623 1267 2685 1337 in
2714 1271 3106 1359 capellanum

863 1397 1129 1472 ponant,
1174 1398 1438 1453 vacante
1501 1381 1755 1452 scilicet
1791 1380 2091 1464 ecelesia,
2136 1396 2200 1452 et
2257 1385 2380 1453 hoc
2420 1381 2582 1452 infra
2622 1405 2731 1454 sex
2796 1366 3099 1465 menses}

862 1496 1174 1587 alioquin,
1207 1495 1443 1586 elapsis
1469 1519 1578 1567 sex
1606 1496 1964 1581 mensibuS,
1995 1494 2047 1565 si
2068 1496 2414 1585 capitulum
2436 1519 2775 1587 personam
2805 1495 2868 1566 in
2899 1499 3102 1568 eccle·

863 1609 955 1680 sia
997 1632 1124 1679 non
1167 1608 1578 1693 instituisset,
1612 1611 1962 1700 episcopus
1987 1607 2264 1680 ecclesie
2301 1615 2382 1679 de
2411 1632 2682 1699 persona
2724 1611 3104 1700 provideret.

863 1728 955 1794 De
1009 1724 1374 1814 hospitibus
1413 1736 1628 1793 autem
1669 1722 1957 1813 episcopi
2020 1723 2127 1813 qui
2179 1738 2443 1793 manent
2482 1725 2576 1793 vel
2640 1726 2990 1794 manebunt
3045 1722 3101 1791 in

862 1821 1147 1929 predicta
1190 1836 1518 1928 parrochia
1582 1850 1647 1907 et
1698 1839 1780 1907 de
1818 1838 2093 1907 vassallo
2152 1835 2357 1927 ipsius
2410 1839 2490 1907 de
2557 1837 2977 1908 Chameroliis
3023 1836 3100 1907 ita

859 1955 1221 2022 ordinatum
1263 1965 1360 2023 est
1399 1965 1465 2022 et
1501 1973 1888 2023 concessum
1928 1952 2125 2041 quod,
2169 1951 2222 2021 si
2270 1952 2528 2041 quando
2575 1973 2833 2021 causam
2877 1954 3104 2021 habue-

861 2065 988 2137 rint
1019 2066 1529 2137 ecclesiasticam
1561 2089 1778 2137 coram
1817 2064 2099 2155 capitulo
2127 2066 2234 2135 'vel
2266 2067 2568 2135 mandato
2590 2063 2820 2157 ipsius,
2855 2064 3096 2156 episco-

862 2205 1011 2272 puS,
1048 2181 1100 2251 si
1137 2180 1193 2252 ei
1236 2181 1524 2252 videatur
1541 2182 1710 2272 qnod
1753 2179 1990 2250 ibidem
2014 2180 2228 2249 minus
2250 2182 2423 2270 juste
2454 2193 2832 2262 tractentur,
2880 2179 3099 2271 poterit

864 2297 1168 2366 mandare
1198 2297 1257 2365 ei
1293 2292 1399 2385 qui
1434 2294 1760 2385 justiciam
1802 2292 2048 2364 tenebit
2084 2295 2253 2383 quod
2295 2316 2555 2364 causam
2584 2295 2862 2364 adducat
2892 2316 3097 2365 coram

870 2432 964 2493 se,
1017 2423 1083 2481 et
1140 2422 1294 2480 tunc
1335 2408 1577 2480 curiam
1617 2431 1801 2479 suam
1863 2406 2214 2497 capitulum
2276 2410 2373 2478 vel
2433 2409 2806 2478 mandatum
2846 2406 3097 2499 capituli

858 2546 1072 2595 coram
1100 2524 1405 2614 episcopo
1427 2524 1694 2593 tenebit.
1726 2526 1842 2592 Per
1863 2524 2028 2591 hanc
2055 2534 2270 2592 autem
2298 2520 2825 2605 declarationem,
2860 2534 3094 2611 tempe·

863 2636 1171 2708 rationem
1214 2636 1348 2708 sive
1385 2637 1858 2708 ordinationem
1908 2637 2157 2705 nullum
2187 2635 2344 2706 alias
2380 2633 2514 2706 sive
2547 2636 2613 2705 in
2648 2634 2792 2706 aliis
2832 2638 2937 2705 fiat
2964 2657 3102 2726 pre·

854 2750 1168 2843 judicium
1211 2750 1438 2823 litteris
1480 2748 1856 2843 prenotatiS‚
1889 2751 2004 2821 sed
2046 2772 2160 2821 eos
2201 2752 2634 2841 approbamus
2663 2764 2727 2821 et
2763 2752 3100 2820 confirma-

860 2889 1029 2937 mus.
1082 2872 1309 2937 Actum
1349 2889 1519 2937 anno
1570 2864 1825 2937 Domini
1864 2863 2215 2935 millesimo
2247 2861 2694 2935 ducentesimo
2746 2863 3097 2947 tricesimo,

860 3004 1082 3051 mense
1114 2978 1488 3071 septembri.

1855 3284 2113 3348 CCXXV

1739 3561 2026 3623 Oct0b1·e
2069 3560 2225 3624 1230

794 3777 797 3779 ’
855 3787 1341 3843 Reconnaissance
1385 3803 1486 3858 par
1523 3788 1774 3858 l’eveque
1812 3788 2107 3844 d’Orleans
2150 3787 2219 3843 de
2266 3789 2319 3844 la
2358 3790 2705 3845 suzerainete
2741 3788 2810 3844 de
2858 3787 3086 3843 Richard

926 3885 1150 3939 Harenc
1177 3900 1277 3938 sur
1295 3882 1365 3937 32
1391 3883 1576 3937 muids
1606 3884 1674 3937 de
1704 3884 1798 3939 hle
1854 3885 1954 3939 des
1981 3900 2221 3955 granges
2269 3886 2339 3940 de
2371 3883 2777 3955 Mesnilgirault
2818 3891 2872 3939 et
2926 3884 2992 3938 de
3018 3883 3089 3937 La

928 3981 1094 4034 Foret
1123 3979 1527 4035 sainte-croix.

1344 4125 1555 4197 <Copie.
1589 4125 1738 4182 Bibl.
1770 4125 2079 4192 d'OrleanS‚
2114 4142 2218 4181 ms.
2250 4126 2378 4196 552,
2406 4142 2460 4196 p.
2486 4125 2638 4195 370).

938 4341 1292 4432 Philippus,
1360 4341 1475 4413 Dei
1535 4344 1751 4433 gracia
1805 4340 2281 4413 Aurelianensis
2344 4341 2718 4433 episcopus,
2785 4339 3085 4411 universis

858 4468 1193 4545 presentes
1233 4454 1474 4526 litteras
1531 4454 1919 4546 inspecturis
1982 4457 2254 4526 salutem
2316 4455 2378 4525 in
2438 4453 2736 4526 Domino.
2798 4455 3087 4526 Noverint

856 4567 1136 4638 universi
1197 4571 1381 4659 quod
1424 4572 1686 4661 triginta
1732 4571 1858 4639 duo
1921 4568 2121 4639 modii
2176 4568 2372 4654 bladi,
2414 4592 2576 4661 quos
2631 4572 2953 4641 Johannes
3011 4567 3082 4636 de

856 4681 1185 4753 Boissiaco
1225 4697 1290 4754 et
1339 4686 1640 4770 ThomaS,
1685 4690 1879 4754 frater
1916 4686 2083 4774 ejuS,
2124 4697 2189 4755 et
2228 4684 2578 4774 Margarita,
2613 4706 2800 4754 soror
2838 4685 2993 4773 ejuS,
3026 4692 3083 4751 et
