3485 5571
1347 751 1420 761 -
1460 716 1572 779 357
1623 749 1698 762 -

397 843 504 932 qui
544 844 624 913 ad
658 863 857 912 unum
895 840 1187 912 altarium
1239 841 1304 910 in
1355 844 1521 912 dicta
1577 845 1771 914 domo
1826 843 2273 914 elemosinaria
2327 844 2637 917 scitorum

392 954 629 1048 jugiter
690 958 1009 1027 deserviet
1064 968 1129 1027 et
1180 953 1416 1026 ibidem
1472 980 1589 1047 pro
1640 956 1856 1027 anime
1913 956 2068 1027 dicti
2109 962 2420 1045 manasse,
2464 974 2644 1032 ante-

401 1092 731 1141 cessorum
785 1082 849 1141 et
887 1082 1221 1160 parentum
1269 1092 1531 1140 suorum
1569 1069 1853 1140 remedio
1891 1070 2119 1141 diebus
2168 1070 2439 1162 singuiis
2480 1073 2645 1144 divi-

403 1207 557 1254 num
610 1181 891 1254 officium
941 1183 1314 1255 celebrabit.
1357 1185 1800 1256 Promiserunt
1850 1185 2043 1255 etiam
2082 1198 2147 1255 et
2185 1203 2647 1259 concesserunt

402 1297 556 1370 dicti
616 1302 841 1369 iratres
877 1301 1047 1389 quod
1089 1320 1202 1389 pro
1259 1301 1465 1370 salute
1509 1297 1662 1370 dicti
1703 1303 1990 1370 Manasse
2030 1322 2223 1371 unam
2263 1302 2525 1373 missam
2569 1305 2648 1373 de

402 1411 640 1506 Spiritu
680 1410 916 1484 San'cto
948 1414 1160 1503 quoad
1191 1411 1413 1484 vixerit
1439 1410 1822 1505 septimanis
1854 1412 2125 1505 singulis
2155 1414 2219 1483 in
2250 1414 2418 1486 dicta
2456 1418 2647 1488 domo

400 1526 641 1598 facient
677 1528 988 1598 celebrari
1018 1551 1036 1610 ;
1078 1540 1226 1617 post
1267 1528 1515 1598 obitum
1551 1550 1700 1599 vero
1731 1526 1887 1599 dicti
1916 1531 2203 1599 Manasse
2228 1527 2382 1600 dicti
2420 1532 2649 1602 iratres

401 1639 910 1715 anniversarium
962 1663 1150 1711 suum
1201 1640 1263 1711 in
1316 1640 1483 1712 dicta
1535 1643 1727 1712 domo
1770 1639 2043 1733 singulis
2080 1640 2267 1713 annis
2314 1642 2548 1715 facient
2586 1659 2651 1715 et

402 1756 468 1826 in
510 1755 614 1827 die
644 1753 798 1826 dicti
828 1753 1247 1826 anniversarii
1275 1754 1691 1847 quadraginta
1726 1757 1972 1827 solidos
2002 1758 2081 1825 ad
2121 1755 2464 1848 pitanciam
2495 1781 2649 1849 pau-

402 1892 630 1963 perum
685 1867 924 1940 ibidem
983 1869 1507 1942 decumbentium
1570 1873 1950 1961 erogabunt.
2011 1867 2225 1941 Voluit
2279 1869 2471 1941 etiam
2526 1876 2652 1943 Ma-

401 2006 631 2057 nasses
669 1997 735 2055 et
772 1981 1098 2055 concessit
1137 1981 1440 2074 predictis
1479 1985 1651 2074 quod
1693 1983 1747 2054 si
1786 1982 2016 2074 aliquis
2048 1986 2144 2055 vel
2184 1981 2377 2075 aliqui
2420 2000 2643 2057 contra

402 2121 476 2171 ea
516 2120 642 2189 que
670 2094 1063 2188 prediximus
1091 2100 1187 2168 vel
1209 2096 1446 2188 aliquid
1479 2119 1553 2168 ex
1585 2096 1889 2189 predictis
1911 2095 2126 2169 venire
2154 2101 2645 2189 presumpserit,

404 2215 501 2285 vel
558 2211 616 2283 si
664 2210 904 2303 dictum
961 2213 1243 2282 officium
1300 2210 1365 2281 in
1430 2209 1598 2282 dicta
1651 2214 1845 2282 domo
1909 2224 1977 2281 ut
2038 2234 2074 2281 a
2136 2211 2435 2284 iratribus
2481 2213 2653 2284 dicte

403 2329 638 2399 domus
699 2349 1082 2399 concessum
1144 2326 1252 2419 [et]
1317 2326 1705 2417 promissum
1773 2341 2045 2398 estnon
2102 2327 2238 2398 fieri
2279 2330 2651 2420 contigerit,

402 2440 618 2513 dictus
678 2443 868 2513 irater
922 2442 1206 2511 Andreas
1258 2440 1460 2511 dictas
1527 2436 1760 2511 domos
1810 2440 2073 2512 cuilibet
2123 2441 2302 2513 alteri
2365 2447 2654 2516 conferre

404 2560 644 2648 poterit
695 2569 760 2627 et
810 2556 1046 2627 dictam
1084 2555 1500 2646 capellaniam
1553 2554 1941 2646 ubicumque
1982 2555 2251 2628 voluerit
2293 2558 2653 2649 assignare,

404 2683 595 2763 prout
652 2670 1071 2762 interipsum
1112 2674 1466 2741 Manassem
1527 2683 1592 2741 et
1649 2673 1907 2741 fratrem
1963 2673 2280 2742 Andream
2330 2671 2654 2763 predictos

404 2783 769 2858 ordinatum
800 2796 901 2856 est
939 2782 1227 2875 deipsis.
1261 2788 1331 2855 ln
1370 2788 1556 2876 cujus
1590 2783 1679 2857 rei
1713 2783 2090 2857 memoriam
2119 2800 2183 2857 et
2210 2784 2654 2857 testimonium

405 2897 817 2992 presentibus
866 2898 1096 2969 litteris
1131 2901 1207 2968 ad
1250 2897 1634 2990 peticionem
1690 2898 1846 2970 dicti
1894 2903 2180 2971 Manasse
2218 2899 2409 2989 sigilli
2451 2900 2655 2971 nostri

404 3013 706 3085 dedimus
743 3011 1241 3084 munimentum.
1272 3016 1498 3084 Actum
1537 3036 1708 3084 anno
1737 3013 1995 3085 Domini
2028 3013 2369 3085 millesimo
2401 3016 2655 3085 ducen-

404 3131 643 3201 tesimo
682 3127 1170 3220 quadragesimo
1202 3131 1517 3212 secundo,
1564 3151 1788 3200 mense
1830 3130 1849 3221 [
2116 3129 2165 3222 ].

1386 3489 1672 3552 CCLXIII

1326 3765 1547 3829 Juillet
1590 3764 1749 3826 1242

403 3999 584 4053 Vento
622 4012 695 4052 au
733 3995 1002 4068 chapitre,
1047 4011 1149 4068 par
1186 3994 1371 4051 Eudes
1416 4012 1449 4050 ε
1484 3994 1705 4050 Hericie
1742 4011 1774 4047 »
1820 3999 1875 4050 et
1909 3995 1993 4049 les
2040 4012 2070 4049 ι
2097 3993 2369 4049 Belehere
2401 4011 2454 4063 »,
2489 3993 2658 4073 d’une

477 4093 698 4151 maison
747 4093 857 4149 sise
906 4093 1036 4167 pres
1089 4092 1145 4148 la
1192 4108 1400 4163 grange
1449 4091 1517 4146 de
1563 4091 1929 4162 Terminiers,
1978 4106 2052 4146 au
2094 4091 2218 4162 prix
2264 4089 2334 4145 de
2377 4090 2444 4145 16
2490 4090 2658 4145 livres

480 4206 703 4263 pal-¹⁸¹⁸·
874 4285 1057 4356 (Orig.
1089 4302 1138 4340 s,
1169 4284 1358 4356 parch.
1391 4284 1562 4340 Arch.
1595 4283 1671 4338 du
1700 4282 1909 4353 Loiret,
1943 4281 2010 4338 G.
2044 4280 2199 4352 386.)

502 4497 828 4572 Universis
891 4510 1228 4590 presentes
1291 4496 1535 4568 litteras
1587 4494 2003 4587 inspecturis,
2045 4492 2335 4566 officialis
2383 4491 2662 4564 Aurelia-

406 4616 639 4687 nensis
689 4616 962 4685 salutem
1002 4611 1067 4682 in
1104 4610 1409 4683 Domino.
1450 4608 1750 4682 Noverint
1786 4608 2063 4679 universi
2105 4610 2277 4698 quod
2328 4605 2658 4678 constituti

406 4751 632 4803 coram
703 4725 895 4799 nobis
969 4728 1110 4797 Odo
1186 4722 1458 4810 Hericie,
1523 4722 1818 4796 Ascelina
1874 4723 2015 4814 ejus
2074 4745 2252 4806 uxor,
2330 4723 2658 4794 lohannes
