3485 5571
1792 670 2032 734 -280
2081 701 2147 716 —-

1897 1069 2045 1130 CXC

1712 1347 1751 1409 5
1791 1347 2045 1424 janvier
2077 1345 2227 1407 1221

842 1596 1120 1669 L’eveque
1156 1596 1452 1653 d'Orleans
1495 1598 1769 1654 confirmo
1811 1604 1866 1653 et
1908 1613 2214 1670 approuve,
2245 1613 2467 1653 comme
2504 1596 2782 1667 seigneur,
2829 1596 2888 1652 la
2930 1599 3086 1650 vente

1128 1694 1488 1766 precedente,
1521 1712 1555 1767 y
1577 1695 1836 1766 joignant
1864 1696 1917 1751 le
1957 1693 2070 1750 don
2099 1693 2199 1750 des
2228 1693 2409 1751 dlmes
2435 1694 2535 1750 des
2559 1694 2804 1749 novales.

1053 1822 1100 1872 s
1312 1839 1486 1911 (orig.
1520 1857 1567 1896 s.
1598 1841 1789 1913 perch.
1810 1834 1994 1897 ’Arch.
2030 1840 2108 1896 du
2137 1839 2346 1911 Loiret,
2375 1840 2442 1897 G.
2469 1839 2620 1911 325.)

936 2061 1286 2140 Hanasses,
1349 2057 1466 2129 Dei
1537 2057 1749 2148 gracia
1814 2056 2294 2130 Aurelianensis
2343 2062 2719 2151 episcopus,
2787 2055 3082 2130 omnihus

841 2185 1180 2263 presentes
1248 2170 1495 2243 litteras
1543 2171 1933 2264 inspecturis
1981 2171 2046 2241 in
2125 2170 2398 2244 Domino
2450 2176 2747 2244 salutem.
2790 2170 3084 2244 Noverint

834 2284 1112 2356 universi
1164 2287 1336 2376 quod
1368 2287 1509 2357 Odo
1536 2289 1885 2371 Borrellus,
1938 2288 2246 2358 dominus
2275 2288 2356 2359 de
2387 2286 2732 2370 Cortalein‚
2771 2287 2832 2357 in
2872 2299 3082 2358 nostra

845 2399 1171 2490 presentia
1234 2397 1652 2482 constitutus,
1686 2412 1884 2471 totam
1935 2402 2250 2471 decimam
2291 2423 2484 2492 quam
2527 2399 2590 2471 in
2639 2399 2970 2491 parrochia
3008 2401 3082 2468 de

844 2511 1148 2585 Fontanis
1207 2514 1288 2584 ad
1348 2534 1617 2604 presens
1686 2516 1945 2584 tenebat
2000 2518 2070 2584 in
2134 2513 2419 2585 dominio
2461 2538 2581 2586 suo
2612 2527 2679 2586 et
2714 2536 2856 2586 eam
2897 2534 3080 2604 quam

841 2640 988 2719 post
1028 2628 1370 2717 decessum
1430 2624 1665 2698 nobilis
1714 2625 2004 2699 mulieris
2041 2632 2332 2700 ‹lohanne
2380 2631 2457 2699 de
2489 2631 2839 2710 Exolduno‚
2872 2625 3081 2697 relicte

843 2739 1125 2814 defuncti
1184 2739 1454 2814 locelini
1514 2742 1808 2827 Borrelli,
1857 2739 2104 2825 militis,
2164 2740 2499 2814 habiturus
2557 2754 2697 2814 erat
2759 2741 2821 2813 in
2867 2742 3082 2814 eadem

843 2858 1203 2947 parrochia,
1247 2855 1543 2928 videlicet
1603 2857 1765 2928 duas
1829 2871 2042 2947 partes
2097 2856 2347 2928 decime
2413 2856 2583 2928 bladi
2614 2870 2678 2928 et
2712 2870 2843 2928 tres
2873 2865 3078 2948 partes

842 2972 1095 3043 decime
1134 2969 1290 3054 vini,
1332 2984 1398 3041 et
1438 2967 1741 3061 quicquid
1775 2970 1963 3042 etiam
2007 2984 2133 3041 tam
2176 2973 2243 3040 in
2274 2970 2521 3043 minuta
2560 2995 2752 3062 quam
2782 2969 2904 3042 alia
2930 2990 3078 3060 qua·

838 3107 1117 3175 cumque
1157 3082 1406 3155 decima
1471 3095 1600 3154 tam
1663 3083 1834 3156 idem
1900 3086 2225 3156 Borrellus
2275 3107 2466 3175 quam
2516 3084 2686 3157 dicta
2727 3082 2981 3156 domina
3021 3080 3080 3149 in

836 3200 1061 3271 eadem
1130 3200 1450 3268 habehant
1518 3196 1878 3289 parrochia,
1926 3199 2186 3270 dilectis
2224 3196 2372 3269 liliis
2421 3201 2669 3270 decano
2708 3212 2773 3269 et
2812 3196 3077 3289 capitulo

838 3312 1415 3383 Aurelianensihus
1471 3334 1620 3382 cum
1681 3324 1893 3382 tractu
1950 3312 2320 3383 earumdem
2381 3310 2774 3383 decimarum
2838 3324 3082 3383 etcum

838 3423 1015 3498 omni
1038 3427 1184 3517 jure
1223 3428 1394 3515 quod
1426 3423 1491 3494 in
1532 3424 1696 3517 ipsis
1737 3426 2089 3508 habebant,
2139 3448 2253 3516 pro
2292 3423 2666 3517 quingentis
2689 3439 2754 3497 et
2787 3425 3082 3517 quinqua-

713 3629 717 3634 ,
836 3539 1011 3632 ginta
1038 3554 1105 3610 et
1142 3552 1318 3610 una⁰
1349 3537 1526 3609 libris
1562 3537 2009 3630 parisiensium
2042 3538 2331 3610 vendidit
2368 3553 2433 3611 et
2470 3538 2805 3630 quictavit.
2834 3544 2928 3610 De
2964 3558 3078 3627 qua

839 3677 1093 3727 summa
1134 3677 1206 3725 se
1247 3651 1525 3724 totaliter
1552 3665 1619 3725 et
1654 3654 1906 3744 integre
1940 3651 2143 3724 tenuit
2181 3676 2398 3725 coram
2440 3654 2630 3724 nobis
2672 3676 2787 3745 pro
2837 3663 3076 3746 pagato.

844 3771 1017 3838 Hanc
1055 3781 1270 3839 autem
1310 3765 1748 3837 venditionem
1801 3767 2039 3838 nobilis
2080 3766 2308 3838 mulier
2348 3770 2702 3859 Margarita,
2738 3792 2896 3840 uxor
2927 3769 3079 3858 ejus,

845 3893 1162 3952 eteorum
1229 3878 1363 3959 filii,
1405 3881 1548 3951 Odo
1587 3880 1838 3952 scilicet
1891 3894 1957 3952 et
2007 3883 2323 3967 Johanna,
2382 3884 2704 3954 voluntate
2744 3896 3081 3975 spontanea

846 4017 1062 4066 coram
1104 3993 1293 4065 nohis
1330 3996 1669 4065 voluerunt
1707 4009 1770 4066 et
1816 4010 2012 4066 ratam
2056 3998 2366 4067 hahentes
2407 3996 2795 4069 unanimiter
2833 4014 3081 4069 conces·

845 4122 1093 4191 serunt,
1130 4111 1368 4200 prefata
1423 4107 1750 4200 Margarita
1803 4112 1924 4179 sub
1971 4108 2118 4180 fidei
2160 4111 2308 4181 date
2350 4109 2606 4182 vinculo
2654 4112 3076 4202 promittente,

846 4225 1015 4315 quod
1057 4221 1121 4292 in
1153 4221 1485 4314 premissis
1519 4222 1790 4294 decimis
1820 4222 2017 4294 nichil
2048 4226 2345 4295 decetero
2377 4226 2643 4297 nomine
2672 4222 2949 4297 dotalicii
2975 4241 3075 4292 seu

846 4334 972 4407 alio
1002 4357 1410 4425 quocumque
1450 4337 1645 4406 modo
1674 4359 1787 4427 per
1815 4358 1888 4407 se
1913 4338 2012 4407 vel
2042 4359 2160 4427 per
2187 4336 2382 4407 alium
2415 4337 2810 4409 reclamabit.
2860 4343 3075 4426 Supra·

910 4699 970 4758 α)
1004 4696 1174 4748 Deest
1200 4697 1253 4748 in
1275 4696 1622 4750 CLXXXIX.
