3485 5571
1634 653 1988 721 -128—

685 780 1107 855 immunitatis
1182 797 1573 877 praeceptum
1650 784 1861 857 eidem
1921 784 2058 857 fieri
2119 806 2536 857 censeremus
2611 782 2930 856 ecclesiae.

685 901 879 989 Cujus
908 898 1328 990 petitionibus
1368 900 1598 971 iterum
1659 899 1935 972 libenter
1991 900 2361 983 annuimuS,
2426 912 2489 971 et
2528 903 2652 971 hoc
2690 915 2932 970 nostrae

682 1012 1108 1085 immunitatis
1168 1022 1562 1106 praeceptum
1622 1037 1735 1106 pro
1794 1013 1991 1084 divini
2034 1018 2244 1086 cultus
2282 1037 2526 1098 amore,
2593 1028 2660 1085 et
2699 1014 2933 1085 animm

684 1142 921 1199 nostrae
960 1127 1272 1212 remedio,
1314 1131 1393 1198 ad
1456 1130 1661 1220 ipsam
1717 1143 2003 1200 sanctam
2043 1131 2264 1201 sedem
2315 1127 2448 1200 fieri
2498 1127 2931 1213 decrevimus,

684 1264 801 1333 per
837 1236 1007 1334 quod
1049 1242 1460 1335 praecipimus
1516 1255 1705 1334 atque
1747 1245 2051 1335 jubemus
2091 1257 2160 1314 ut
2201 1246 2417 1314 nullus
2475 1244 2669 1334 judex
2727 1242 2934 1334 publi-

682 1380 798 1428 cus
831 1360 930 1429 vel
968 1357 1240 1449 quilibet
1276 1380 1348 1428 ex
1374 1355 1710 1448 judiciaria
1754 1370 2068 1450 potestate
2102 1373 2214 1429 aut
2270 1361 2481 1427 nullus
2520 1378 2595 1428 ex
2634 1356 2933 1427 fidelibus

680 1470 921 1542 nostris
964 1484 1089 1541 tam
1121 1471 1548 1562 praesentibus
1576 1492 1766 1562 quam
1808 1485 1874 1543 et
1912 1472 2141 1541 tuturis
2178 1470 2240 1540 in
2281 1468 2592 1542 ecclesias
2629 1484 2739 1539 aut
2788 1471 2932 1540 loca

682 1609 796 1656 seu
842 1585 1121 1677 reliquas
1161 1584 1681 1678 possessiomes,
1724 1608 1885 1677 quas
1920 1589 2231 1657 moderno
2258 1599 2545 1676 tempore
2569 1586 2636 1654 in
2669 1582 2930 1674 quibus-

682 1697 836 1770 libet
876 1698 1055 1791 pagis
1097 1703 1190 1771 vel
1223 1697 1556 1772 territoriis
1598 1697 1758 1771 infra
1797 1698 2104 1770 ditionem
2165 1697 2344 1790 regni
2395 1695 2597 1769 nostri
2638 1699 2814 1787 juste
2864 1712 2931 1768 et

680 1812 972 1905 legaliter
1020 1828 1370 1886 memorata
1406 1827 1582 1886 tenet
1625 1812 1924 1900 ecclesia,
1976 1812 2195 1885 necin
2241 1836 2352 1884 eas
2393 1835 2529 1895 ηε,
2572 1835 2715 1902 quae
2753 1810 2932 1883 dein-

682 1950 837 2020 ceps
898 1930 934 1998 ὲ
975 1927 1307 2001 catholicis
1347 1927 1555 2001 eidem
1598 1931 1869 2000 conlatae
1907 1928 2146 2000 luerint
2200 1931 2518 2012 ecclesiae,
2577 1929 2656 1998 ad
2696 1949 2929 1998 causas

681 2041 1060 2126 audiendas,
1128 2046 1223 2115 vel
1297 2046 1473 2114 lreda
1532 2057 1641 2115 aut
1705 2043 1940 2114 tributa
1982 2046 2362 2135 teloneaque
2422 2041 2757 2134 exigenda,
2817 2055 2929 2112 aut

679 2156 1050 2229 mansiones
1105 2161 1201 2228 vel
1256 2172 1506 2250 paratas
1558 2157 1910 2243 iaciendas,
1960 2172 2069 2229 aut
2117 2160 2532 2247 fidejussores
2576 2159 2922 2241 tollendos,

677 2286 787 2341 aut
827 2269 1122 2342 homines
1150 2270 1353 2363 ipsius
1400 2272 1695 2344 ecclesiae
1720 2286 1849 2342 tam
1889 2270 2202 2362 ingenuos
2227 2294 2415 2362 quam
2445 2293 2689 2353 servos,
2725 2292 2922 2360 super

676 2400 908 2456 terram
945 2385 1148 2476 ipsius
1198 2403 1683 2458 commanentes
1750 2384 2249 2477 distringendoS‚
2316 2407 2432 2456 seu
2496 2384 2652 2456 alias
2690 2382 2926 2454 redibi-

685 2501 922 2585 tiones,
1012 2513 1124 2571 ant
1196 2499 1470 2572 inlicitas
1551 2505 1935 2572 occasiones
2014 2499 2472 2593 [requirendas]
2553 2497 2789 2569 nostris
2860 2512 2924 2568 et

676 2614 907 2685 suturis
961 2615 1356 2707 temporibus
1395 2614 1642 2707 ingredi
1693 2618 1963 2686 audeat:
2010 2638 2216 2706 neque
2260 2637 2332 2687 ea
2381 2638 2524 2705 quae
2565 2636 2754 2704 supra
2791 2635 2925 2682 me·

678 2744 920 2802 morata
962 2744 1114 2801 sunt
1153 2728 1408 2822 exigere
1476 2735 1737 2822 penitus
1808 2744 2203 2822 praesumat3
2247 2731 2362 2801 sed
2403 2727 2592 2801 liceat
2658 2729 2925 2819 praesato

678 2844 934 2937 praesuli
1006 2843 1268 2936 suisque
1321 2844 1811 2917 successoribus
1876 2868 1980 2916 res
2041 2846 2362 2936 praedictae
2420 2841 2714 2914 ecclesiae
2775 2865 2923 2913 cum

677 2959 1117 3042 monasteriiS‚
1150 2958 1358 3045 cellis,
1402 2958 1570 3029 villis
1608 2958 1727 3030 sibi
1771 2957 2101 3050 subjectiS,
2156 2972 2220 3028 et
2255 2960 2447 3029 rebus
2487 2960 2789 3028 omnibus
2821 2958 2923 3027 vel

678 3071 1052 3144 hominibus
1085 3075 1164 3144 ad
1233 3095 1302 3145 se
1368 3072 1840 3165 pertinentibus
1893 3075 1991 3144 vel
2043 3072 2530 3164 aspicientibus,
2593 3094 2716 3142 una
2777 3094 2922 3142 cum

677 3186 912 3257 telonei
946 3177 1312 3273 medietate,
1355 3190 1490 3258 sive
1529 3201 1708 3278 porta
1749 3186 2092 3273 Parisiaca,
2149 3186 2316 3259 sicut
2352 3186 2419 3257 in
2467 3199 2786 3279 praecepto
2825 3185 2925 3256 avi

674 3300 876 3371 nostri
948 3304 1627 3394 praedecessorumque
1688 3316 2053 3372 nostrorum
2110 3299 2498 3387 continetur,
2567 3302 2667 3371 vel
2731 3299 2923 3372 etiam

678 3414 869 3486 nonis
907 3417 1004 3486 vel
1081 3416 1434 3488 decimisde
1505 3415 2018 3507 quibuscumque
2067 3415 2227 3487 locis
2267 3416 2363 3486 vel
2405 3417 2586 3507 pagis
2622 3414 2741 3486 sibi
2782 3437 2926 3506 per-

676 3528 1060 3617 tinentibuS,
1101 3534 1220 3601 sub
1243 3531 1533 3602 tuitionis
1568 3545 1764 3622 atque
1795 3530 2213 3602 immunitatis
2251 3546 2488 3601 nostrae
2514 3528 2913 3611 defensione,

675 3658 928 3716 remota
970 3644 1163 3717 totius
1220 3644 1572 3736 judiciariae
1636 3644 1972 3737 potestatis
2017 3644 2491 3736 inquietudine,
2569 3642 2788 3736 quieto
2841 3667 2917 3715 ac

677 3758 878 3830 libero
917 3760 1141 3832 ordine
1180 3759 1535 3853 possidere,
1578 3774 1642 3832 et
1673 3776 1895 3832 nostro
1933 3761 2206 3832 fideliter
2239 3783 2460 3852 parere
2519 3758 2809 3850 imperio,
2854 3771 2920 3829 et

676 3898 791 3965 pro
846 3873 1281 3947 incolumitate
1320 3890 1564 3956 nostra,
1607 3897 1723 3947 seu
1762 3876 1952 3946 etiam
1993 3877 2189 3947 totius
2226 3877 2409 3966 regni
2466 3878 2504 3945 a
2541 3878 2678 3945 Deo
2731 3871 2919 3944 nobis

672 3988 913 4061 conlati
979 3992 1246 4081 ejusque
1312 3988 1813 4061 clementissima
1871 3988 2282 4061 miseratione
2343 4011 2454 4081 per
2528 3987 2918 4059 immensum

671 4102 1094 4175 conservandi
1129 4102 1497 4187 stabilitate,
1539 4126 1851 4178 unacum
1891 4107 2065 4176 clero
2096 4118 2160 4176 et
2199 4106 2433 4195 populo
2464 4101 2585 4173 sibi
2625 4103 2918 4191 subjecto

673 4218 791 4289 Dei
831 4218 1211 4289 immensam
1267 4219 1505 4310 jugiter
1565 4240 1824 4290 exorare
1884 4218 2318 4303 clementiam,
2369 4232 2433 4289 et
2489 4216 2796 4309 quidquid
2836 4216 2920 4285 de

676 4332 959 4421 praefatis
998 4331 1190 4401 rebus
1228 4330 1524 4402 ecclesiae
1548 4333 1655 4423 jus
1679 4329 1821 4402 fisci
1868 4330 2121 4423 exigere
2176 4344 2451 4423 poterat,
2492 4328 2559 4400 in
2597 4327 2919 4419 integrum

675 4443 890 4516 eidem
925 4445 1369 4517 concessimus
1406 4443 1722 4525 ecclesiae,
1757 4444 2007 4517 scilicet
2051 4459 2122 4516 ut
2155 4458 2463 4538 perpetuo
2511 4459 2802 4535 tempore
2851 4440 2922 4511 in

673 4562 903 4632 eodem
938 4562 1082 4631 loco
1119 4563 1257 4631 Deo
1294 4558 1749 4633 tamulantibus
1795 4562 1876 4631 ad
1912 4561 2348 4652 peragendum
2405 4558 2521 4632 Dei
2585 4556 2918 4631 servitium

671 4688 1090 4768 augmentum
1151 4688 1216 4746 et
1270 4679 1789 4767 supplementum
1830 4673 1937 4745 sit.
1999 4677 2159 4746 Illud
2206 4696 2462 4766 quoque
2508 4687 2730 4746 nostro
2769 4672 2920 4745 huic
