3485 5571
1384 723 1461 740 -
1504 690 1745 755 505—

427 827 549 885 tus
587 813 855 906 predicti
898 814 1012 886 tibi
1052 818 1274 888 deberi
1321 815 1610 900 dicebas,
1656 831 1748 901 te,
1790 820 2127 910 episcope,
2168 817 2559 889 contrarium
2599 818 2689 888 as-

430 931 762 1013 firmante,
795 932 1048 1021 questio
1089 933 1471 1012 vertebatur,
1517 954 1640 1020 que
1681 931 1849 1002 inter
1900 954 2010 1002 vos
2044 934 2420 1022 J'amdudum
2461 946 2525 1002 et
2554 954 2693 1024 pre-

427 1033 821 1115 decessores
862 1059 1109 1115 vestros
1134 1044 1482 1136 episcopos
1516 1062 1580 1116 et
1610 1048 1896 1117 decanos
1928 1044 2423 1117 aurelianenses
2451 1044 2690 1117 diutius

430 1157 733 1229 noscitur
805 1158 1003 1230 fuisse
1056 1157 1354 1230 ventilata
1410 1182 1536 1230 non
1579 1162 1725 1231 sine
1765 1163 2070 1250 gravibus
2124 1162 2451 1230 laboribus
2490 1171 2553 1231 et
2591 1182 2692 1231 ex·

430 1270 664 1361 pensis
703 1285 766 1342 et
807 1270 1261 1354 incommodis,
1305 1287 1433 1343 tam
1464 1272 1691 1344 vestris
1733 1286 1798 1343 et
1831 1271 2115 1364 ipsorum
2162 1276 2688 1364 predecessorum

428 1406 629 1473 quam
664 1399 1017 1456 vestrorum
1058 1385 1261 1456 eciam
1303 1384 1706 1457 subditorum
1742 1408 1916 1469 cum,
1943 1386 2332 1458 officialibus
2371 1401 2436 1459 et
2462 1386 2682 1457 minis-

429 1497 567 1569 tris·
597 1498 966 1570 alterutrius
1002 1514 1282 1571 vestrum
1314 1523 1774 1591 nonnunquam
1806 1500 2113 1572 officiales
2143 1515 2207 1572 et
2241 1499 2570 1573 ministros
2594 1504 2693 1573 al-

434 1612 645 1684 terins
692 1612 755 1682 in
805 1613 1259 1705 iurisdictione
1296 1614 1578 1706 predicta
1637 1615 2008 1705 exequenda
2065 1615 2395 1706 prevenire
2452 1638 2692 1687 conan-

433 1725 644 1814 tibus,
681 1729 893 1819 gravia
932 1730 1256 1812 scandala,
1300 1726 1768 1814 dissensioneS,
1800 1727 2003 1800 eciam
2045 1728 2377 1800 hominum
2432 1752 2696 1821 percus·-

433 1843 667 1913 siones
712 1865 787 1912 ac
818 1841 1138 1913 interdum
1188 1841 1666 1913 interfectiones
1704 1845 1859 1914 inde
1899 1843 2273 1933 provenisse
2314 1858 2685 1931 noscantur,

435 1955 660 2027 studio
691 1978 947 2046 quoque
985 1959 1371 2038 litterarum,
1405 1959 1574 2046 quod
1603 1955 1966 2027 Aurelianis
1999 1955 2209 2047 vigere
2258 1982 2292 2027 a
2336 1957 2546 2049 longis
2585 1980 2686 2030 re-

439 2067 710 2140 troactis
764 2071 1159 2160 temporibus
1221 2071 1602 2161 generaliter
1639 2073 1999 2155 consuevit,
2050 2071 2393 2144 occasione
2431 2085 2696 2144 conten-

436 2181 655 2253 cionis
722 2184 1085 2274 hujusmodi
1140 2207 1251 2275 per
1300 2208 1489 2274 quam
1548 2184 1769 2276 sepius
1808 2190 2203 2267 turbabatur,
2243 2186 2696 2258 detrimentum

439 2319 577 2367 non
618 2297 941 2367 modicum
966 2296 1322 2380 immineat,
1349 2300 1535 2384 nos¹,
1567 2302 1852 2372 volentes
1894 2298 2244 2390 predictam
2275 2299 2698 2372 Aurelianen-

438 2431 585 2479 sem
631 2409 969 2481 eeclesiam
1021 2413 1289 2502 ejusque
1329 2413 1623 2481 subditos
1663 2436 1695 2482 a
1749 2412 2007 2502 prefatis
2049 2413 2476 2485 incommodis
2533 2416 2698 2485 rele-

447 2543 600 2593 vare
640 2522 998 2613 vestrisque
1020 2547 1282 2614 parcere
1323 2523 1646 2595 laboribus
1682 2537 1746 2595 et
1782 2525 2106 2616 expensis,
2148 2538 2274 2596 tam
2315 2525 2699 2618 episcopalis

442 2636 625 2708 sedis
702 2637 1185 2709 Aurelianensis
1271 2660 1460 2727 quam
1515 2637 1668 2708 dicti
1733 2640 2084 2710 decanatus
2139 2639 2407 2711 utilitate
2446 2663 2697 2711 necnon

441 2765 510 2822 et
545 2751 761 2843 quiete
800 2750 1205 2823 subditorum
1230 2753 1255 2798 2
1301 2751 1729 2843 predictorum
1774 2754 2113 2844 diligenter
2153 2752 2458 2845 pensatis,
2497 2756 2576 2826 ad
2605 2771 2692 2825 ta-

442 2869 574 2937 lem
611 2865 1158 2956 composicionem
1184 2889 1377 2957 super
1408 2868 1556 2949 hoc,
1590 2865 1644 2937 si
1672 2881 1884 2938 tamen
1914 2866 2101 2939 nobis
2129 2870 2431 2959 placeret,
2466 2870 2698 2940 amica-

444 2978 641 3050 bilem
699 2978 1075 3063 devenistiS‚
1139 2979 1435 3050 videlicet
1481 2982 1651 3070 quod
1699 2983 1764 3048 in
1822 2980 2342 3052 archidiaconatu
2408 2980 2699 3072 predicto

446 3095 669 3164 omnis
694 3093 1057 3185 jurisdictio
1097 3093 1379 3164 totaliter
1413 3108 1541 3163 tam
1583 3094 1646 3164 in
1689 3094 1982 3165 civilibus
2022 3118 2209 3185 quam
2256 3095 2320 3165 in
2360 3095 2702 3166 criminali-

446 3211 572 3279 bus
631 3209 711 3278 ad
766 3226 855 3290 te,
920 3207 1250 3299 episcope,
1299 3222 1572 3299 tuosque
1620 3231 2038 3280 successores
2087 3225 2330 3280 tantum
2392 3224 2700 3301 perpetuo

445 3325 682 3393 debeat
721 3322 1065 3415 pertinere,
1110 3346 1231 3393 uec
1273 3345 1384 3414 per
1424 3323 1903 3414 preventionem
1946 3347 2065 3395 nec
2103 3326 2259 3395 alias
2290 3339 2381 3407 tu,
2423 3326 2690 3404 decane,

444 3460 525 3508 ac
578 3459 992 3509 successores
1041 3436 1130 3508 tui
1162 3461 1274 3508 vos
1308 3437 1709 3528 aliquatenus
1754 3441 1835 3508 de
1866 3437 2316 3528 iurisdictione
2356 3436 2557 3530 ipsius
2591 3461 2697 3510 ec-

445 3554 649 3624 clesie
689 3552 1159 3623 Aurelianensis
1188 3565 1253 3622 et
1281 3551 1540 3623 claustri
1567 3554 1885 3642 eJusdem,
1927 3575 2053 3643 que
2104 3556 2370 3644 perboc
2418 3551 2481 3622 in
2523 3556 2700 3624 nullo

447 3679 733 3737 mutetur
791 3669 904 3736 sed
968 3680 1293 3736 remaneat
1343 3667 1406 3734 in
1461 3665 1733 3756 pristino
1798 3679 1995 3746 statu,
2043 3678 2107 3736 et
2154 3668 2321 3756 quod
2382 3680 2475 3750 tu,
2528 3665 2698 3756 epis-

447 3802 635 3871 cope,
693 3795 756 3851 et
799 3801 1212 3850 successores
1255 3779 1342 3849 tui
1399 3778 1535 3863 tibi,
1589 3781 1859 3863 decane,
1900 3779 2155 3870 tuisque
2208 3778 2699 3850 successoribus

448 3899 548 3966 CC
583 3894 779 3966 libras
842 3893 1285 3966 turonensium
1325 3916 1660 3984 parvorum
1699 3893 2052 3973 annuatim,
2098 3892 2370 3985 singulis
2402 3893 2700 3965 videlicet

452 4009 785 4079 mensibus
819 4032 930 4099 pro
981 4006 1167 4099 equis
1221 4006 1659 4098 porcionibus,
1690 4007 2032 4079 teneamini
2077 4010 2325 4079 solvere
2356 4007 2418 4076 in
2452 4029 2700 4077 recom-

454 4122 906 4214 pensacionem
951 4120 1407 4193 obventionum
1453 4121 1898 4212 temporalium
1934 4145 2057 4213 que
2106 4121 2251 4205 tibi,
2302 4124 2572 4204 decane,
2615 4144 2692 4192 ac

451 4237 609 4328 ipsis
675 4236 801 4307 tuis
853 4237 1346 4306 successoribus
1405 4258 1478 4305 ex
1534 4238 1820 4326 predicta
1886 4235 2332 4326 jurisdictione
2405 4247 2699 4325 poterant
2794 4286 2802 4295 .

520 4621 538 4656 ¹
584 4621 780 4678 L’Acee
809 4621 907 4675 cles
931 4622 1265 4677 cardinauae
1287 4622 1481 4692 ajoute
1507 4635 1519 4675 :
1543 4619 1746 4690 prefati
1768 4620 2063 4690 episcopus
2083 4623 2139 4674 et
2157 4619 2402 4675 decanus
2422 4618 2691 4673 volentes.

521 4709 543 4742 ²
1013 4741 1076 4751 —
1507 4726 1521 4762 ε
1555 4725 1619 4763 ac
1647 4708 1812 4763 studii
1841 4709 2088 4779 predicti.
