3485 5571
1372 708 1727 774 -265....

416 840 569 908 loco
609 859 830 908 eorum
869 851 1082 924 erunt,
1125 840 1205 908 ab
1244 836 1388 928 ipso
1426 858 1577 928 rege
1603 838 1700 909 vel
1738 839 1882 928 ejus
1910 849 2090 909 certo
2120 838 2423 909 mandato
2475 860 2674 930 super

420 954 553 1023 hoc
583 951 815 1022 fuerint
840 950 1159 1042 requisiti,
1197 950 1280 1022 ita
1306 964 1518 1023 tamen
1547 953 1741 1043 quod,
1780 964 2075 1022 cessante
2102 950 2371 1042 negocio
2400 974 2512 1043 pro
2540 974 2668 1044 quo

417 1063 659 1135 tradita
691 1066 902 1152 fuerit,
940 1064 1162 1136 turrim
1194 1068 1486 1137 eamdem
1520 1067 1587 1135 in
1623 1087 1702 1137 eo
1733 1079 1903 1136 statu
1938 1079 2003 1135 et
2034 1088 2180 1137 cum
2203 1064 2379 1136 omni
2410 1066 2673 1157 integri-

417 1192 554 1249 tate
580 1200 703 1269 qua
733 1202 873 1249 eam
914 1179 1230 1270 receperit
1268 1178 1478 1250 eidem
1517 1180 1831 1270 episcopo
1894 1193 1958 1250 et
2006 1178 2497 1251 successoribus
2536 1182 2673 1251 suis

417 1294 519 1362 vel
551 1295 692 1384 ejus
753 1315 1336 1384 successorumque
1394 1315 1659 1364 suorum
1705 1294 2009 1364 mandato
2054 1291 2368 1365 restituet.
2435 1298 2672 1365 Datum

413 1429 596 1478 anno
633 1406 885 1477 Domini
914 1410 1068 1478 MCC
1093 1421 1317 1479 octavo
1357 1406 1633 1494 decimo,
1669 1428 1894 1479 mense
1926 1405 2134 1498 junio.

1389 1788 1675 1850 CLXXVI
1685 1792 1704 1851 l

1212 2068 1287 2128 17
1316 2067 1678 2130 novembre
1719 2065 1879 2130 1218

412 2317 771 2389 Compromis
795 2318 1020 2389 accepte
1057 2334 1160 2390 par
1186 2317 1239 2373 le
1267 2317 1517 2389 chapitre
1564 2323 1619 2373 et
1656 2334 1748 2373 ses
1773 2318 2036 2374 hommes
2081 2318 2151 2373 de
2193 2317 2406 2374 Mardi&
2429 2334 2573 2390 pour
2612 2320 2663 2375 le

846 2414 1150 2485 reglement
1179 2414 1250 2471 de
1278 2414 1332 2469 la
1356 2414 1506 2470 dimo
1535 2413 1635 2469 des
1658 2415 1850 2484 vignes
1878 2414 1948 2469 de
1969 2412 2201 2471 Mardie.

881 2559 1057 2631 (Or-ig.
1089 2577 1135 2616 s.
1164 2561 1353 2629 perch.
1397 2560 1568 2615 Arch.
1599 2560 1675 2617 du
1702 2560 1917 2632 Loiret,
1950 2560 2016 2617 G.
2047 2560 2201 2632 347.)

500 2781 574 2847 A.
632 2776 940 2857 decanus,
976 2778 1210 2868 Symon
1251 2785 1316 2845 et
1355 2774 1521 2876 Milo,
1579 2771 1871 2844 canonici
1913 2774 2293 2856 meldenses,
2359 2772 2662 2846 omnibus

411 2902 751 2979 presentes
782 2887 1024 2960 litteras
1063 2887 1451 2979 inspecturis
1491 2891 1765 2959 salutem
1801 2888 1866 2958 in
1892 2887 2193 2960 Domino.
2231 2887 2484 2959 Noverit
2515 2890 2659 2958 uni-

411 3003 683 3075 versitas
720 3017 932 3075 vestra
972 3005 1143 3094 quod
1172 3024 1317 3073 cum
1369 3002 1536 3073 inter
1594 3001 1765 3073 viros
1818 3000 2214 3073 venerabiles
2252 3003 2654 3097 L[ebertnm]

411 3120 729 3190 decanum
769 3133 832 3190 et
872 3119 1222 3210 capitulum
1253 3117 1735 3200 Aurelianense,
1764 3138 1838 3187 ex
1880 3139 2003 3187 una
2040 3129 2243 3207 parte,
2276 3130 2339 3187 et
2366 3115 2661 3189 homines

409 3235 489 3304 de
521 3234 855 3326 parrochia
897 3235 977 3305 de
1003 3233 1288 3320 Marzeio,
1321 3254 1395 3304 ex
1426 3232 1572 3317 alia,
1607 3254 1804 3324 super
1827 3231 2098 3303 decimis
2137 3231 2466 3302 vinearum
2500 3255 2659 3323 quas

413 3347 564 3420 dicti
606 3347 905 3436 homines
944 3351 1182 3418 habent
1227 3351 1293 3417 in
1346 3345 1677 3438 parrochia
1718 3349 1799 3417 de
1839 3345 2102 3417 Marzeio
2129 3344 2191 3415 in
2230 3345 2657 3418 decimatione

414 3463 639 3553 prefati
699 3462 986 3555 capituli,
1048 3485 1263 3535 coram
1315 3462 1503 3534 nobis
1546 3462 1921 3534 auctoritate
1997 3464 2352 3554 apostolica
2391 3477 2662 3534 conten-

413 3576 513 3647 cio
573 3592 949 3664 verteretur,
1016 3580 1095 3648 ab
1146 3580 1374 3649 eodem
1444 3577 1724 3668 capitulo
1763 3590 1827 3648 et
1895 3575 2201 3668 predictis
2259 3575 2656 3661 hominibus,

415 3688 577 3762 sicut
606 3714 682 3763 ex
722 3704 899 3782 parte
924 3689 1210 3783 ipsorum
1252 3691 1439 3761 nobis
1478 3705 1577 3762 est
1619 3689 2006 3778 intimatum,
2041 3690 2106 3761 in
2148 3690 2350 3761 virum
2390 3713 2658 3762 venera-

416 3802 603 3876 bilem
636 3807 935 3896 abbatem
975 3806 1166 3876 Curie
1202 3808 1321 3876 Dei
1378 3823 1441 3875 et
1494 3828 1695 3875 unum
1735 3807 1815 3875 de
1853 3807 2139 3897 capitulo
2177 3805 2655 3890 Aurelianensi,

413 3940 602 4008 quem
644 3917 993 4009 capitulum
1042 3921 1285 4009 eligere
1339 3916 1656 4001 maluerit,
1699 3930 1800 3989 est
1844 3920 1925 3990 de
1963 3917 2159 3989 dictis
2188 3916 2487 4000 decimis,
2529 3921 2655 3991 lide

417 4052 486 4101 ex
525 4047 700 4124 parte
740 4031 1052 4102 dictorum
1090 4035 1427 4102 hominum
1458 4030 1873 4122 corporaliter
1905 4035 2197 4123 prestita,
2231 4031 2655 4123 compromis-

418 4166 581 4232 sum,
625 4147 711 4217 ita
749 4144 1050 4216 videlicet
1096 4148 1265 4236 quod
1323 4144 1476 4216 dicu
1542 4143 1765 4216 arbitri
1824 4156 2103 4217 statuere
2162 4149 2548 4218 tenebuntur
2588 4159 2658 4217 ut

419 4259 494 4328 de
529 4257 830 4331 omnibus
868 4258 1071 4331 vineis
1117 4260 1196 4330 de
1237 4257 1567 4350 parrochia
1616 4261 1695 4330 de
1750 4261 2043 4342 Hermio,
2111 4263 2180 4330 in
2223 4258 2652 4334 decimatione

421 4373 642 4445 Sancte
674 4376 901 4444 Crucis
938 4372 1109 4456 sitis,
1162 4395 1275 4465 pro
1315 4372 1601 4463 quolibet
1640 4387 1907 4464 arpento
1937 4386 2070 4445 tres
2111 4376 2333 4464 lagene
2371 4372 2503 4445 vini
2552 4378 2652 4446 vel

421 4484 758 4559 duodecim
823 4486 1097 4569 denarii,
1169 4491 1340 4558 sicut
1404 4485 1651 4558 eisdem
1713 4485 1968 4559 arbitris
2026 4488 2259 4558 melius
2312 4487 2647 4580 placuerit,

425 4600 671 4673 nomine
734 4600 982 4672 decime
1037 4599 1226 4671 annis
1283 4605 1563 4692 singulis
1639 4605 1707 4672 in
1776 4614 2152 4692 perpetuum
2214 4599 2651 4673 Aurelianensi

424 4715 689 4807 capitulo
728 4719 1219 4808 persolvantur;
1280 4730 1345 4787 et
1381 4716 1534 4808 quia
1575 4740 1690 4808 pro
1731 4713 1922 4788 dictis
1963 4716 2241 4787 decimis
2280 4714 2404 4786 sibi
2436 4715 2650 4788 minus
