3485 5571
1666 662 1744 677 ...
1787 629 1904 692 1⁴38
1947 664 2020 675 -

722 756 967 826 tudinis
1007 757 1311 826 lectulum
1338 754 1717 840 decidisset,
1771 778 1895 826 nos
1937 769 2004 825 et
2047 754 2322 826 dilectus
2359 754 2426 824 in
2465 753 2726 825 (xristo
2763 761 2976 847 Bt*-

721 894 869 942 nem
916 872 998 942 de
1038 868 1309 940 Feritate
1344 883 1411 940 et
1462 870 1870 960 Radulpbum
1925 872 2214 940 flarench
2263 869 2634 940 testa-enti
2689 870 2790 939 ai
2823 893 2974 940 em-

711 995 973 1057 eutores
1012 981 1375 1066 constituit,
1434 983 1521 1054 ita
1570 986 1741 1074 qnod
1783 981 1836 1053 si
1875 1005 2110 1054 omnes
2147 1007 2278 1054 non
2319 1006 2666 1074 poue-u
2706 987 2968 1062 ade-ne,

714 1101 845 1170 duo
887 1112 1213 1182 nostrum,
1241 1099 1535 1169 absentia
1588 1096 1768 1168 tercii
1812 1120 1942 1168 nou
2000 1097 2418 1181 obstantem·
2453 1100 2830 1187 aeq-nh
2861 1121 2974 1168 ex·

711 1225 917 1285 trema
946 1214 1370 1305 procederent
1402 1213 1756 1283 voluntate.
1790 1214 1948 1280 Cum
1989 1209 2184 1301 igitur
2231 1225 2494 1302 propter
2527 1214 2654 1281 hot
2691 1211 2972 1281 Areb—

712 1325 815 1398 nis
846 1350 967 1398 nos
997 1339 1065 1397 et
1102 1327 1408 1396 nadulfus
1447 1328 1692 1396 Harens
1724 1326 1796 1395 in
1858 1329 2096 1396 Sancte
2133 1324 2359 1395 Crucis
2412 1325 2702 1414 eupit-le
2737 1348 2972 1396 aare·

714 1441 1068 1524 nissemus‚
1110 1441 1279 1540 idem
1321 1442 1631 1510 Radulsus
1660 1442 1891 1511 domos
1929 1442 2308 1510 claustrales
2344 1451 2710 1530 etquatnor
2743 1440 2962 1512 ‹inn-

708 1580 852 1628 rum
882 1569 1175 1648 arpenta,
1243 1556 1411 1645 apud
1470 1554 1673 1624 vitei-⁸
1749 1554 1901 1636 sita,
1941 1552 2066 1624 sibi
2127 1553 2193 1623 in
2254 1553 2680 1624 mosi-a-
2735 1559 2968 1625 eth

711 1670 919 1743 luisse
954 1671 1035 1741 ab
1074 1667 1219 1761 ipso
1258 1669 1619 1750 liuthardo,
1672 1690 1798 1758 qne
1838 1667 2012 1738 idem
2068 1670 2444 1739 Bnehardus
2481 1666 2670 1738 titulo
2699 1668 2978 1760 eapti·-

719 1785 821 1856 nis
842 1787 1177 1866 babuerat,
1220 1783 1661 1874 proponebat,
1638 1805 1657 1822 ·
1703 1784 1988 1852 decanus
2019 1796 2232 1853 antem
2271 1783 2712 1872 etoepitnlu-
2741 1787 2980 1855 Sancte

722 1897 946 1970 Crucis
1019 1896 1083 1967 in
1141 1900 1535 1968 eontrarium
1604 1898 1962 1986 allegabant
2023 1899 2256 1968 domos
2313 1897 2580 1968 eudem
2630 1911 2698 1968 et
2757 1896 2980 1969 vineas

717 2011 839 2086 sibi
871 2016 952 2085 de
993 2009 1362 2082 voluntate
1348 2009 1549 2102 ipsius
1575 1999 1886 2081 Bucbardi
1927 2010 2241 2101 obligatas
2278 2033 2398 2103 pro
2435 2013 2854 2103 quadraginta
2877 2011 2966 2081 fi-

721 2127 854 2198 bris
894 2123 1343 2219 parisiensium
1373 2147 1535 2216 quas
1555 2124 1768 2196 dietus
1793 2127 2170 2196 Bnehardus
2206 2124 2304 2196 eis
2342 2147 2458 2216 pro
2497 2130 2680 2195 firma
2715 2126 2972 2197 laziaei

720 2242 970 2310 solvere
1030 2240 1394 2321 tenebatur,
1456 2240 1772 2309 addentes
1821 2240 1994 2328 qnod
2059 2241 2388 2329 sepefatus
2435 2241 2810 2309 Buebardns
2847 2262 2976 2330 pro

719 2350 1061 2425 venerabili
1111 2350 1597 2440 consanguineo
1633 2366 1856 2423 nostro
1911 2353 2260 2445 H[ugone],
2295 2356 2623 2443 quondam
2663 2355 2980 2445 episeopo

708 2464 1215 2559 Dunelm[ensi]‚
1274 2479 1497 2557 patruo
1550 2487 1696 2548 suo,
1736 2488 1812 2537 se
1848 2466 2297 2538 constituisset
2358 2470 2428 2536 in
2495 2490 2748 2537 summa
2784 2483 2972 2539 octo—

714 2580 889 2674 ginta
931 2602 1289 2651 marcarum
1325 2577 1569 2669 argenti
1611 2583 1846 2650 Sancte
1884 2579 2108 2650 Crucis
2148 2579 2428 2670 capitulo
2456 2579 2836 2670 debitorem,
2877 2582 2974 2652 si-

722 2711 1072 2768 cutcoram
1106 2693 1448 2767 venerabili
1508 2693 1773 2766 domino
1819 2708 1887 2766 et
1934 2697 2123 2766 fratre
2178 2710 2400 2767 nostro
2465 2695 2823 2792 fl[enrieo],
2875 2699 2982 2768 Bi·

728 2809 1034 2883 turicensi
1076 2808 1589 2902 archiepiscopo,
1632 2823 1697 2880 et
1747 2832 1964 2880 coram
2004 2812 2196 2881 nobis
2236 2834 2345 2903 per
2389 2824 2618 2893 testes,
2652 2811 2828 2882 omni
2865 2834 2978 2884 ex·

719 2925 1015 3017 ceptione
1043 2926 1351 3015 majores,
1394 2923 1512 2994 luit
1548 2924 1800 2996 cercius
1836 2927 2288 3015 approbatum.
2325 2928 2450 2996 Sed
2495 2940 2560 2997 et
2598 2925 2694 2995 vir
2730 2926 2964 2998 nobilis

714 3062 935 3112 comes
976 3038 1147 3110 Barri
1187 3052 1251 3108 et
1289 3040 1370 3110 de
1397 3042 1677 3110 Puteaco
1706 3038 2030 3124 dominus,
2062 3037 2218 3110 dicti
2252 3038 2566 3110 Buchardi
2599 3062 2828 3132 nepos,
2857 3042 2978 3112 do·

722 3176 865 3226 mos
905 3153 1082 3245 ipsas
1135 3166 1199 3224 et
1241 3150 1458 3223 vineas
1505 3155 1581 3222 ad
1641 3175 1713 3223 se
1749 3154 1893 3243 jure
1954 3151 2341 3224 hereditario
2392 3155 2728 3225 devolutas
2790 3178 2829 3227 e
2864 3154 2972 3225 di·

718 3290 904 3339 verso
934 3264 1350 3338 constancius
1388 3268 1742 3337 asserebat.
1788 3269 1876 3335 Ne
1907 3288 2061 3357 ergo
2097 3268 2402 3338 Radullus
2456 3270 2725 3355 Harens,
2787 3281 2978 3343 testa-

720 3379 920 3452 menti
952 3382 1291 3451 nobiscum
1350 3379 1518 3451 sicut
1557 3378 1799 3450 dictum
1835 3393 1936 3451 est
1973 3393 2299 3463 executor,
2332 3380 2572 3453 actoris
2629 3404 2971 3475 personam

721 3507 786 3569 et
809 3494 1040 3587 judicis
1074 3516 1297 3585 gerere
1336 3492 1682 3575 videretur,
1726 3507 1853 3564 tam
1894 3492 2034 3585 ipse
2070 3497 2378 3566 Radullns
2407 3518 2602 3586 qnam
2636 3518 2860 3568 eomes
2893 3495 2962 3566 in

723 3630 845 3679 nos
884 3629 1078 3698 snper
1108 3610 1232 3677 hoc
1266 3604 1877 3698 compromiserunt,
1909 3621 1974 3679 et
2001 3610 2171 3698 quod
2203 3621 2495 3679 nostrum
2535 3607 2602 3679 in
2641 3624 2821 3700 parte
2858 3612 2980 3681 bae

726 3721 989 3794 firmiter
1040 3725 1492 3793 observaretur
1563 3721 1933 3805 arbitrium,
2002 3722 2384 3814 interposita
2443 3722 2794 3796 christiane
2833 3726 2980 3796 fidei

724 3836 1058 3928 religione,
1102 3838 1453 3906 firmarunt.
1499 3834 1936 3927 intelligentes
2005 3834 2196 3926 igitur
2259 3859 2335 3907 ex
2411 3840 2674 3928 publico
2738 3837 2981 3910 instru-

728 3964 946 4023 mento
983 3947 1294 4021 Buchardi
1339 3952 1508 4040 quod
1539 3948 1708 4019 idem
1751 3951 2127 4021 Bucbardus
2167 3973 2281 4041 pro
2329 3952 2514 4022 firma
2548 3951 2799 4023 laziaci
2873 3973 2979 4023 ca-

730 4065 929 4158 pitulo
970 4068 1202 4135 Sancte
1243 4063 1464 4134 Crucis
1492 4066 1588 4134 XL
1631 4062 1826 4135 libras
1869 4062 2241 4155 parisiensis
2282 4079 2540 4137 monete
2579 4068 2879 4149 deberet,
2913 4080 2984 4136 et

728 4181 1012 4274 quinque
1057 4175 1306 4248 idoneis
1343 4175 1642 4261 testibus,
1681 4175 1986 4268 omnique
2024 4176 2398 4269 exceptione
2441 4179 2819 4270 majoribus,
2874 4182 2981 4271 ju·

728 4303 1019 4365 ramento
1060 4288 1326 4383 prestito
1367 4288 1853 4381 perhibentibus
1880 4293 2051 4381 quod
2086 4289 2414 4382 octoginta
2464 4314 2819 4363 marcarum
2866 4314 2981 4383 pro

732 4419 954 4500 patruo
994 4426 1113 4475 suo
1164 4425 1237 4474 se
1307 4401 1748 4474 constituisset
1812 4402 2098 4494 predicto
2153 4402 2434 4494 capitulo
2482 4405 2862 4491 debitorem,
2898 4407 2980 4477 de

731 4523 1119 4614 prudentum
1144 4516 1419 4589 virorum
1439 4515 1709 4588 consilio
1731 4517 1941 4607 ipsum
1968 4519 2426 4611 B[uchardum]
2446 4520 2726 4610 capitulo
2746 4523 2980 4592 Sancte

732 4635 951 4709 Crucis
1013 4634 1078 4706 in
1136 4656 1387 4707 summa
1432 4636 1849 4706 ducentarum
1917 4632 2218 4706 librarum
2285 4648 2545 4707 monete
2603 4633 2978 4727 parisiensis
