3485 5571
1809 625 2160 690 -388-

863 756 1062 830 clesie
1101 768 1347 838 nostre,
1382 757 1612 828 domos
1640 777 1794 826 suas
1841 778 1907 825 1n
1933 757 2213 825 claustro
2253 767 2477 824 nostro
2515 753 2672 824 sitas
2718 776 2756 823 a
2797 750 2990 823 nobis
3022 767 3110 823 te-

867 886 1050 946 neret
1086 872 1166 942 ad
1197 891 1476 941 annuam
1518 867 1894 961 pensionem
1939 882 2196 940 centum
2239 868 2592 939 solidorum
2619 865 3107 958 parisiensium,

865 1009 1015 1070 nos,
1056 982 1479 1056 consideratis
1516 984 1885 1074 sumptibus
1913 994 1978 1053 et
2006 980 2305 1073 expensis
2328 1003 2491 1071 quas
2517 979 2689 1052 idem
2724 979 3109 1073 manasses]

867 1112 1170 1192 posuerat
1228 1110 1293 1170 et
1330 1096 1522 1169 etiam
1575 1118 1817 1189 ponere
1869 1093 2192 1189 proponit,
2239 1108 2303 1166 et
2342 1093 2862 1166 emendationem
2895 1096 3117 1166 domo-

867 1238 1011 1288 rum
1065 1213 1524 1306 predictarum,
1579 1211 1798 1283 habito
1848 1209 2039 1283 etiam
2074 1222 2375 1301 respectu
2430 1212 2602 1300 quod
2666 1221 2841 1281 retro
2882 1211 3115 1280 domos

868 1329 1010 1402 illas
1073 1329 1235 1399 ultra
1271 1349 1526 1398 murum
1566 1324 1842 1397 civitatis
1882 1339 2125 1397 emerat
2173 1338 2239 1397 et
2296 1321 2685 1416 acquisierat
2746 1326 2972 1395 locum
3009 1326 3117 1394 ubi

869 1457 971 1515 est
1007 1455 1187 1514 ortus
1233 1454 1298 1513 et
1336 1438 1511 1512 curia
1537 1453 1603 1511 et
1639 1438 1762 1511 alia
1798 1454 1985 1531 prout
2016 1436 2216 1511 muris
2271 1438 2769 1532 circumquaque
2806 1439 3121 1510 claudun·

869 1569 998 1639 tur,
1039 1578 1167 1648 que
1214 1554 1430 1629 omnia
1477 1558 1844 1626 contulerat
1890 1554 2076 1625 nobis
2120 1565 2186 1626 et
2222 1552 2501 1626 ecclesie
2536 1566 2756 1625 nostre
2782 1552 2856 1623 in
2896 1574 3123 1645 perpe·

869 1683 1042 1742 tuam
1100 1669 1522 1743 elemosinam
1579 1684 1726 1761 post
1772 1670 2114 1741 decessum
2169 1670 2311 1760 ejus
2350 1670 2626 1741 tenenda
2685 1682 2750 1740 et
2788 1668 3120 1752 habenda,

865 1782 1075 1857 eidem
1104 1787 1351 1857 decano
1385 1805 1831 1857 concessimus
1868 1798 1938 1855 ut
1961 1796 2111 1876 post
2151 1785 2492 1855 decessum
2527 1805 2716 1854 suum
2752 1786 3123 1866 lohannes,

867 1923 1071 1993 nepos
1109 1903 1278 1993 ejus,
1320 1900 1676 1975 canonicus
1702 1914 1951 1985 noster,
1977 1902 2059 1971 ad
2083 1921 2277 1991 quem
2314 1901 2586 1972 cedente
2612 1900 2711 1970 vel
2751 1900 3120 1970 decedente

866 2017 1112 2087 decano
1184 2015 1474 2107 predicto
1558 2017 1799 2106 prefate
1885 2016 2118 2087 domus
2191 2037 2340 2086 cum
2422 2012 2831 2105 pertinentiis
2935 2014 3125 2085 deve·

866 2127 1006 2201 nire
1044 2131 1307 2213 debent,
1350 2132 1431 2201 de
1470 2151 1742 2201 assensu
1789 2148 1854 2201 et
1902 2132 2231 2201 voluntate
2270 2140 2487 2199 nostra
2523 2130 2685 2199 ultra
2725 2125 3117 2220 pensionem

865 2242 1216 2334 predictam
1255 2259 1515 2315 centum
1548 2245 1902 2317 solidorum
1963 2244 2384 2334 quadraginta
2446 2242 2689 2314 solidos
2723 2241 3120 2316 distribuen-

866 2358 987 2428 dos
1021 2355 1086 2427 in
1127 2356 1563 2431 anniversario
1594 2357 1793 2451 patris
1831 2369 1899 2429 et
1935 2357 2159 2428 matris
2191 2359 2483 2449 ejusdem
2519 2355 2747 2428 decani
2797 2356 2868 2426 in
2912 2360 3124 2430 eccle·

863 2468 956 2541 sia
977 2485 1195 2543 nostra
1215 2469 1402 2542 annis
1420 2470 1692 2563 singulis
1714 2473 2102 2563 celebrando
2127 2493 2241 2562 pro
2261 2451 2523 2562 prefatis
2548 2469 2879 2557 domibus,
2898 2494 3120 2564 quam·

863 2582 974 2655 diu
1016 2584 1261 2669 vixerit,
1304 2588 1667 2678 persolvere
1711 2583 2037 2658 tenebitur
2076 2585 2433 2658 annuatim.
2481 2591 2685 2673 Quam
2720 2586 3111 2679 pensionem

865 2711 1114 2790 septem
1153 2697 1456 2771 librarum
1517 2700 1791 2793 singulis
1834 2699 2023 2772 annis
2048 2702 2538 2793 persolvendam
2575 2699 2751 2773 idem
2786 2705 3121 2774 lohannes

857 2813 1097 2905 jurabit
1139 2811 1205 2884 in
1235 2813 1542 2907 capitulo,
1577 2814 1719 2907 ipso
1767 2818 2012 2888 decano
2046 2819 2318 2888 cedente
2357 2819 2454 2889 vel
2510 2818 2869 2889 decedente
2915 2843 2936 2902 ;
2982 2832 3123 2908 post

867 2932 1208 3001 decessum
1264 2954 1412 3005 vero
1473 2933 1571 3004 vel
1619 2930 1981 3006 cessionem
2057 2933 2352 3024 ejusdem
2404 2932 2739 3021 lobannis,
2804 2936 3120 3026 quicquid

869 3047 1034 3117 ultra
1075 3067 1393 3118 summam
1433 3061 1692 3119 centum
1724 3048 2075 3122 solidorum
2104 3052 2184 3121 de
2232 3046 2402 3121 dicte
2429 3051 2661 3121 domus
2699 3050 3120 3143 proventibus

869 3158 1086 3231 haberi
1137 3160 1370 3251 poterit
1406 3160 1828 3234 distribuetur
1878 3177 1943 3235 et
1986 3166 2172 3235 cedet
2220 3161 2287 3234 in
2347 3163 2781 3237 anniversario
2818 3168 3031 3256 patris
3060 3178 3119 3238 et

869 3273 1091 3346 matris
1148 3275 1373 3347 decani
1425 3262 1799 3368 supradicti.
1858 3279 1929 3349 In
2006 3278 2192 3369 cujus
2231 3276 2324 3349 rei
2385 3276 2760 3351 memoriam
2828 3292 2899 3351 et
2940 3281 3119 3352 testi-

868 3385 1155 3460 monium
1232 3404 1568 3482 presentes
1634 3393 1881 3464 litteras
1935 3390 2069 3463 fieri
2125 3406 2191 3464 et
2251 3389 2443 3484 sigilli
2504 3390 2706 3465 nostri
2760 3393 3118 3466 munimine

868 3500 1140 3574 fecimus
1186 3504 1500 3578 roborari.
1544 3509 1769 3578 Actum
1801 3506 2059 3598 publice
2107 3504 2171 3576 iu
2213 3503 2494 3598 capitulo
2531 3520 2756 3579 nostro
2803 3509 3115 3599 generali,

867 3639 1038 3688 anno
1078 3618 1338 3690 Domini
1377 3623 1532 3691 MCC
1589 3618 2151 3712 quinquagesimo,
2214 3619 2316 3692 die
2360 3622 2531 3711 jovis
2591 3619 2657 3691 in
2717 3621 2941 3713 vigilia
2979 3618 3119 3712 Epi-

869 3728 1103 3824 phanie
1131 3732 1416 3806 Domini.
