3485 5571
1783 612 2098 682 ...34-

808 746 1027 824 Crucis
1067 755 1146 822 de
1197 748 1490 834 Maziaco,
1539 753 1795 820 tandem
1849 750 2099 840 utrique
2153 765 2522 822 venerunt⁶¹
2563 766 2710 823 ante
2777 777 3053 843 praeseu-

808 867 955 939 tiam
1018 879 1329 948 nostram,
1394 878 1458 935 et
1513 863 2047 953 compositionem
2117 863 2320 955 paciS,
2384 890 2525 955 quae
2591 865 2841 956 utrique
2894 866 3049 957 parti

806 982 1121 1071 placebat,
1163 977 1597 1049 recitaverunt
1636 1001 1850 1048 coram
1895 977 2081 1047 nobis
2136 977 2198 1047 in
2232 980 2406 1048 hunc
2462 981 2747 1049 modum.
2795 979 3051 1051 Scilicet

802 1097 971 1184 quod
1037 1093 1405 1164 Rainaudus
1444 1106 1508 1163 et
1560 1114 1977 1162 successores
2016 1094 2118 1161 sui
2181 1095 2455 1163 habeant
2495 1092 2556 1161 in
2603 1105 2769 1164 terra
2808 1097 3054 1164 Sancta}

801 1208 1022 1280 Crucis
1053 1211 1341 1299 quinque
1381 1208 1894 1278 consuetudines
1921 1220 2198 1290 tantum,
2238 1204 2408 1277 sicut
2437 1208 2878 1278 determinatas
2903 1223 3055 1279 sunt

800 1321 863 1393 in
904 1326 1022 1393 hac
1052 1336 1272 1412 quarta
1293 1326 1346 1405 θ,
1412 1334 1476 1392 et
1514 1319 1616 1391 his
1657 1319 1943 1392 contenti
1977 1319 2170 1390 nichil
2213 1321 2487 1412 amplius
2534 1320 2811 1412 exigant.
2844 1326 3052 1394 Habe-

798 1440 959 1508 bunt
1000 1436 1535 1509 consuetudinem
1559 1448 1585 1480 ⁶
1623 1434 1774 1526 vini,
1813 1433 1897 1505 ita
1932 1449 2001 1505 ut
2030 1458 2146 1526 pro
2187 1433 2400 1506 modio
2436 1433 2563 1505 viui
2591 1438 2939 1507 reddantur
2966 1439 3044 1507 de

798 1574 936 1624 cem
978 1565 1044 1623 et
1080 1554 1213 1623 Vlll
1253 1548 1503 1621 sextarii
1536 1562 1783 1619 tantum
1825 1562 1889 1620 et
1945 1547 2246 1620 denarius
2296 1572 2488 1633 unus,
2540 1563 2606 1621 et
2657 1573 2783 1621 nou
2823 1572 3058 1641 cogan-

799 1681 900 1736 tur
927 1665 1223 1736 homines
1263 1669 1513 1735 Sanctae
1542 1662 1764 1735 Crucis
1803 1666 2140 1755 deportare
2165 1667 2243 1735 ad
2274 1665 2393 1736 alia
2424 1667 2586 1747 loca,
2618 1669 2716 1736 vel
2755 1689 2905 1737 vasa
2934 1690 3048 1737 sua

800 1782 1254 1851 commendare
1278 1783 1333 1847 ά.
1389 1780 1596 1850 Altera
1644 1781 2049 1849 cousuetudo
2088 1791 2213 1861 est,
2269 1780 2438 1869 quod
2485 1802 2597 1869 per
2639 1795 2770 1851 tres
2810 1794 3058 1852 tantum

798 1894 937 1965 dies
977 1892 1041 1963 iu
1082 1894 1249 1964 maio
1288 1907 1476 1963 erunt
1515 1892 1812 1963 homines
1852 1898 2101 1963 Sanctae
2131 1895 2358 1964 Crucis
2392 1895 2456 1963 in
2509 1897 2796 1977 fossatis,
2839 1898 2940 1965 vel
2995 1895 3075 1979 iu,

801 2007 1201 2100 reparatione
1261 2005 1682 2078 munitionis‘
1745 2005 1988 2077 castelli
2041 2006 2508 2090 Craciacensis,
2559 2030 2680 2078 nec
2726 2012 2806 2079 ad
2863 2007 3060 2079 alium

800 2128 1013 2194 locum
1056 2124 1480 2205 deducentur,
1526 2143 1645 2191 nec
1687 2121 1751 2189 in
1795 2120 1919 2191 alio
1978 2132 2265 2212 tempore
2310 2122 2840 2193 consuetudinem
2883 2122 3056 2193 illam

798 2251 1112 2327 cogentur
1151 2239 1506 2317 exsolvere,
1545 2258 1664 2306 nec
1702 2257 1980 2325 unquam
2036 2235 2375 2307 redimere.
2414 2235 2622 2307 Tertia
2653 2241 3060 2308 consuetudo

797 2354 1098 2442 estquod
1159 2350 1459 2421 dominns
1503 2347 1942 2420 Craciacensis
1969 2352 2233 2420 habebit
2281 2349 2699 2441 piscationem
2747 2374 3054 2441 aquarum

803 2466 1101 2556 [Sanctae]
1131 2462 1395 2533 Crucisf
1428 2485 1600 2533 omni
1632 2477 1812 2532 sexta
1840 2466 1965 2533 fera
2000 2461 2175 2543 feria,
2210 2461 2331 2532 nisi
2361 2477 2512 2533 tuuc
2541 2467 2796 2553 quando
2824 2463 3060 2555 aliquis

799 2582 879 2648 de
920 2577 1248 2648 canonicis
1304 2582 1553 2647 Sanctae
1605 2576 1828 2646 Crucis
1869 2575 1932 2645 in
1982 2591 2150 2646 terra
2193 2576 2296 2647 illa
2336 2578 2563 2647 aderit.
2617 2582 2852 2662 Quarta
2903 2600 3056 2648 con-

800 2694 1073 2763 suetudo
1129 2707 1252 2775 est,
1305 2694 1475 2782 quod
1519 2695 1598 2762 de
1640 2689 1850 2781 porcis
1891 2692 1999 2780 qui
2031 2691 2402 2781 jacuerint⁹
2472 2692 2534 2761 in
2579 2705 2745 2763 terra
2798 2696 3051 2762 Sanctae

805 2810 1027 2879 Crucis
1085 2821 1148 2877 et
1209 2805 1580 2876 currerint¹³
1639 2830 1751 2897 per
1797 2828 2056 2876 nemora
2111 2810 2361 2876 Sanctae
2403 2805 2624 2876 Crucis
2672 2822 2735 2877 et
2789 2830 2902 2897 per
2952 2830 3056 2876 ne·

804 2946 975 2990 mora
1014 2921 1218 3011 ipsius
1258 2919 1562 2991 Rainaudi
1606 2919 1746 2989 sine
1786 2920 2152 3002 occasione,
2183 2919 2441 2989 habebit
2472 2920 2881 2991 medietatem
2917 2944 3053 3011 pas·

804 3034 1068 3124 magii¹;
1101 3034 1182 3104 ita
1210 3037 1379 3125 quod
1408 3033 1694 3104 servieus
1727 3038 1979 3103 Sanctae
2015 3035 2236 3104 Crucis
2272 3034 2737 3123 recipietillos1
2761 3033 2826 3102 in
2859 3037 3054 3105 domo

804 3154 1052 3219 Sanctae
1102 3149 1349 3230 Crucis,
1396 3162 1719 3239 praesente
1762 3152 2085 3218 serviente
2126 3170 2270 3231 suo,
2316 3148 2417 3218 cni
2452 3147 2764 3219 medietas
2807 3151 3048 3239 persol-

805 3279 1005 3333 vetur.
1050 3264 1280 3348 Quinta
1324 3265 1730 3333 consuetudo
1780 3277 1905 3347 est,
1947 3266 2114 3352 quod
2159 3266 2238 3332 de
2278 3262 2505 3332 ovibus
2548 3262 2804 3332 habebit
2837 3286 3051 3352 pasca·

804 3376 991 3463 rium,
1027 3376 1109 3446 ita
1150 3380 1319 3468 qnod
1363 3377 1657 3448 canonici
1694 3375 1888 3446 nichil
1933 3374 2015 3444 ibi
2048 3376 2391 3466 accipient.
2437 3381 2528 3445 De
2554 3384 2585 3424 ὲ
2620 3375 2804 3466 agnis
2839 3390 3054 3445 tamen

801 3490 1121 3561 anniculis
1187 3490 1381 3561 nichil
1437 3493 1859 3581 persolvetur.
1935 3490 2271 3560 Concessit
2318 3491 2381 3559 in
2435 3490 2778 3580 praeseutia
2835 3505 3054 3559 nostra

802 3603 971 3674 idern
1016 3603 1386 3686 RainalduS,
1451 3620 1514 3675 et
1555 3618 1959 3674 sacramento
2016 3603 2316 3686 firmavit,
2360 3607 2530 3694 quod
2573 3603 2675 3673 his
2712 3618 3056 3674 consuetu-

804 3717 1063 3788 dinibus
1102 3734 1447 3789 contentus
1480 3720 1792 3798 manebit,
1835 3739 1956 3787 nec
1985 3716 2142 3787 alias
2191 3716 2558 3787 exactiones
2600 3718 2903 3807 requiret,
2935 3739 3054 3787 nec

800 3831 1047 3922 aliquas
1078 3833 1422 3903 violencias
1463 3832 1717 3914 inseret,
1754 3854 1874 3901 nec
1915 3829 1978 3898 in
2016 3846 2205 3912 terra,
2243 3853 2360 3900 nec
2397 3830 2460 3900 in
2495 3831 2891 3914 nemorihuS,
2937 3853 3053 3901 nec

802 3948 866 4017 in
906 3946 1117 4037 aquiS,
1173 3971 1289 4016 uec
1346 3947 1409 4015 in
1452 3945 1677 4037 pratis,
1730 3968 1849 4016 nec
1890 3948 2191 4016 homines
2234 3950 2484 4015 Sanctae
2526 3946 2748 4015 Crucis
2783 3945 3054 4034 iusticia·

802 4061 919 4144 bit,
948 4064 1063 4132 sed
1098 4060 1345 4151 justitia
1381 4059 1580 4130 totius
1621 4076 1808 4130 terrae
1849 4064 1969 4130 erit
2008 4058 2302 4130 ecclesiae
2344 4075 2586 4130 sanctae
2627 4059 2871 4130 Crucis.
2905 4064 3054 4129 Pos-

801 4176 1017 4245 tulavit
1049 4175 1238 4246 etiam
1279 4199 1314 4244 a
1354 4174 1543 4245 nobis
1586 4189 1651 4243 ut
1686 4175 1927 4265 scripto
1969 4179 2526 4255 confirmaremus,
2560 4191 2625 4245 et
2665 4173 2718 4243 si
2760 4173 2898 4265 ipse
2925 4172 3052 4242 vio-

857 4487 1028 4538 xvlt.
1062 4516 1117 4526 -
1147 4505 1201 4538 a.
1231 4497 1623 4539 convenerunt.
1658 4513 1722 4527 —
1754 4488 1803 4537 b.
1834 4495 2006 4539 carta.
2059 4513 2123 4524 -
2164 4503 2212 4537 c.
2267 4488 2403 4537 ines.
2429 4514 2493 4525 —
2523 4487 2579 4538 d.
2605 4486 2965 4537 commodare.
2996 4507 3054 4521 —

792 4585 840 4620 e.
876 4585 1020 4620 uum.
1045 4595 1109 4609 —
1133 4573 1173 4635 s.
1199 4570 1413 4620 Sanctae
1437 4569 1651 4623 Crucis.
1688 4595 1748 4609 —
1792 4584 1849 4634 9.
1883 4574 2008 4620 runt
2035 4594 2097 4606 —
2139 4568 2193 4618 ἡ.
2221 4568 2587 4620 cucurrerint.
2615 4592 2679 4606 —
2717 4568 2758 4616 ι’.
2789 4563 3049 4632 pasnagii·

789 4673 853 4685 —
868 4650 920 4712 j.
952 4650 1104 4699 iilud.
1137 4676 1199 4688 -
1222 4650 1275 4699 k.
1308 4665 1425 4715 pm.
