3485 5571
1778 569 2135 632 ..222-

833 695 928 767 sie
993 695 1147 767 mibi
1207 696 1272 766 in
1324 699 1634 789 capellam
1692 695 2031 780 retineam,
2090 710 2154 767 et
2209 699 2454 787 partem
2507 697 2767 766 alteram
2820 696 3071 766 diruere

830 808 1044 890 liceat,
1079 814 1193 882 sed
1222 813 1434 882 locum
1465 809 1646 881 illum
1676 833 1713 881 a
1760 809 1941 882 laicis
1982 814 2207 882 usibus
2246 809 2604 882 immunem
2631 823 2862 882 etcum
2885 810 3070 881 omni

831 922 1153 995 mundicia
1194 925 1465 995 debeam
1486 923 1836 996 custodire.
1870 928 2118 997 Omnes
2157 947 2304 996 vero
2336 923 2772 996 obvenciones
2826 946 2941 1015 que
2981 924 3053 993 in

829 1040 1073 1129 capella
1115 1037 1487 1129 provenient
1526 1040 1603 1109 ad
1642 1061 1902 1109 manum
1945 1037 2280 1130 presbiteri
2338 1039 2598 1129 majoris
2645 1038 2909 1109 ecclesie
2948 1040 3069 1109 de-

830 1154 1185 1222 volventur.
1232 1154 1554 1235 Ceterum,
1601 1175 1681 1224 ne
1723 1175 1837 1244 per
1876 1151 2375 1224 translacionem
2412 1152 2690 1224 ecclesie
2730 1155 3080 1224 detrimen-

830 1279 966 1336 tum
1021 1264 1275 1356 aliquod
1331 1268 1635 1337 sacerdos
1685 1265 1992 1353 incurrat,
2042 1265 2339 1337 concessi
2415 1280 2480 1337 et
2539 1267 2684 1338 dedi
2765 1265 2971 1338 eidem
3019 1278 3088 1336 et

829 1378 1194 1451 successori
1233 1382 1372 1471 ejus
1402 1378 1468 1450 in
1499 1394 1882 1472 perpetuum
1907 1383 2071 1451 duos
2103 1382 2358 1451 modios
2420 1379 2732 1471 ibernagii
2801 1380 2947 1452 boni
3013 1382 3083 1450 in

828 1494 1219 1565 molendinis
1245 1494 1406 1565 meis
1443 1497 1523 1564 ad
1555 1516 1926 1566 mensuram
1957 1496 2396 1578 Acheriarum,
2432 1507 2498 1565 et
2537 1517 2742 1566 unum
2787 1495 3083 1567 modium

830 1605 958 1677 vini
988 1605 1253 1698 legitimi
1292 1609 1361 1677 in
1401 1609 1583 1679 vinea
1646 1630 1788 1680 mea
1828 1610 1908 1680 de
1948 1607 2209 1680 Acheris
2272 1621 2337 1680 et
2381 1610 2462 1678 ad
2508 1630 2878 1679 mensuram
2903 1612 3086 1700 ejus-

832 1724 980 1792 dem
1035 1722 1161 1792 loci
1199 1718 1265 1791 in
1313 1723 1480 1793 festo
1532 1723 1740 1794 sancti
1784 1720 2053 1813 Remigii
2110 1719 2413 1792 omnibus
2472 1721 2659 1793 annis
2703 1734 2769 1794 et
2809 1721 3088 1814 singulis

832 1833 1306 1928 percipiendos.
1373 1839 1529 1906 Rem
1593 1838 1760 1907 hanc
1797 1834 1995 1908 voluit
2034 1847 2099 1907 et
2149 1836 2480 1907 concessit
2531 1858 2687 1906 uxor
2744 1859 2884 1908 mea
2935 1841 3092 1908 Per-

833 1952 1034 2033 soisa,
1094 1948 1351 2040 meique
1411 1952 1687 2021 heredes
1740 1948 2056 2021 Galterius
2100 1963 2164 2021 et
2189 1948 2420 2033 Guido,
2462 1972 2816 2041 eorumque
2858 1974 3090 2023 uxores

830 2063 1168 2154 Margarita
1233 2076 1296 2134 et
1365 2066 1632 2135 Isabella
1686 2067 2076 2137 voluntatem
2137 2065 2524 2136 adibuerunt
2584 2078 2650 2136 et
2710 2087 3087 2137 assensum.

832 2181 1019 2264 Quod
1061 2192 1128 2248 ut
1153 2192 1358 2248 ratum
1404 2192 1773 2268 permaneat
1807 2195 1871 2250 et
1899 2201 2157 2268 semper
2193 2180 2422 2250 stabile
2448 2180 2716 2262 tactum,
2753 2180 2872 2251 feci
2902 2203 3092 2250 man·

833 2289 966 2362 dari
1003 2289 1231 2362 litteris
1271 2304 1335 2362 et
1395 2290 1588 2381 sigilli
1628 2292 1753 2363 mei
1787 2294 2015 2364 robore
2054 2290 2425 2364 confirmavi
2464 2303 2529 2363 et
2567 2305 2769 2363 testes
2810 2291 3089 2384 apposui

831 2404 939 2495 qui
1003 2404 1092 2476 rei
1163 2428 1307 2475 cum
1369 2409 1548 2476 fieret
1609 2405 1976 2489 astiterunt,
2041 2429 2316 2498 quorum
2378 2406 2635 2477 nomina
2701 2419 2854 2478 sunt
2918 2411 3088 2478 hec:

831 2522 1160 2591 Jobannes
1199 2521 1279 2589 de
1305 2518 1641 2603 Merevilla,
1687 2520 1891 2591 Gnido
1931 2523 2011 2592 de
2055 2520 2343 2603 Acheris,
2379 2518 2767 2611 Raginaldus
2807 2523 2889 2591 de
2945 2517 3090 2589 Tri-

833 2638 1113 2719 ciovilla,
1156 2633 1297 2705 Milo
1345 2637 1424 2705 de
1489 2634 1736 2706 Genoli.
1818 2639 2043 2706 Actum
2123 2636 2379 2727 publice
2455 2638 2724 2707 Acheris
2785 2638 2852 2706 in
2938 2636 3089 2705 aula

841 2773 1010 2835 mea,
1077 2752 1397 2821 incarnati
1450 2751 1642 2822 Verbi
1693 2772 1864 2821 anno
1917 2753 1992 2821 M-
2065 2752 2184 2822 CC·
2241 2752 2375 2834 ΗΡ,
2432 2772 2658 2821 mense
2715 2752 3085 2832 novembri,

833 2880 1143 2958 regnante
1200 2866 1526 2958 Philippo,
1593 2867 1900 2937 Ludovici
1967 2868 2127 2950 filio,
2188 2865 2633 2937 illustrissimo
2693 2868 3088 2938 Francorum

833 3005 1016 3073 rege.

1873 3336 2027 3398 CXL

1519 3612 1825 3685 OrleanS,
1863 3612 2224 3676 novembre
2258 3610 2415 3675 1203

1107 3864 1184 3920 Le
1214 3863 1393 3936 doyen
1422 3868 1478 3918 et
1506 3865 1560 3920 le
1589 3864 1842 3935 chapitre
1865 3865 2269 3935 homologuent
2297 3863 2458 3918 l‘acte
2479 3862 2812 3934 precedent.

1138 4010 1324 4081 (orig.
1356 4010 1525 4066 Arch.
1556 4010 1632 4065 du
1661 4009 1869 4079 Loiret‚
1902 4009 1964 4067 G.
1996 4009 2136 4081 3763
2166 4010 2420 4066 mention
2449 4008 2767 4082 Scriptum)

935 4225 1066 4314 Ego
1088 4223 1278 4292 Fulco
1300 4223 1585 4292 decanus
1605 4233 1670 4293 et
1699 4219 2070 4293 universum
2106 4224 2338 4293 Sancte
2360 4219 2583 4292 Crucis
2608 4217 3076 4293 Aurelianensis

837 4337 1193 4428 capitulum
1226 4350 1452 4407 notum
1481 4335 1754 4407 facimus
1790 4335 2196 4428 presentibus
2221 4350 2286 4408 et
2312 4335 2543 4406 tuturis
2570 4334 2775 4406 virum
2808 4332 3072 4407 nobilem

842 4450 1219 4537 Galterium,
1261 4449 1503 4522 domini
1557 4448 1727 4541 regis
1764 4449 2210 4534 camerarium,
2273 4452 2352 4521 de
2403 4449 2660 4522 licentia
2708 4441 3071 4522 venerabilis

842 4565 1044 4656 patris
1077 4588 1154 4637 ac
1192 4564 1435 4637 domini
1477 4562 1762 4656 Hugonis
1809 4564 2292 4636 Aurelianensis
2349 4563 2663 4657 episcopi,
2723 4584 2971 4637 necnon
3015 4567 3073 4627 et
