<?xml version="1.0" encoding="UTF-8"?>
<!DOCTYPE html PUBLIC "-//W3C//DTD XHTML 1.0 Transitional//EN"
    "http://www.w3.org/TR/xhtml1/DTD/xhtml1-transitional.dtd">
<html xmlns="http://www.w3.org/1999/xhtml" xml:lang="en" lang="en">
 <head>
  <title>
</title>
<meta http-equiv="Content-Type" content="text/html;charset=utf-8" />
  <meta name='ocr-system' content='tesseract 3.04.00' />
  <meta name='ocr-capabilities' content='ocr_page ocr_carea ocr_par ocr_line ocrx_word'/>
</head>
<body>
  <div class='ocr_page' id='page_1' title='image "./cartulairedesai00thilgoog_0309.png"; bbox 0 0 3485 5571; ppageno 0'>
   <div class='ocr_carea' id='block_1_1' title="bbox 1369 694 1726 757">
    <p class='ocr_par' dir='ltr' id='par_1_1' title="bbox 1369 694 1726 757">
     <span class='ocr_line' id='line_1_1' title="bbox 1369 694 1726 757; baseline 0.008 -2"><span class='ocrx_word' id='word_1_1' title='bbox 1369 694 1726 757; x_wconf 77' lang='lat'>—157-</span> 
     </span>
    </p>
   </div>
   <div class='ocr_carea' id='block_1_2' title="bbox 1410 1122 1679 1181">
    <p class='ocr_par' dir='ltr' id='par_1_2' title="bbox 1410 1122 1679 1181">
     <span class='ocr_line' id='line_1_2' title="bbox 1410 1122 1679 1181; baseline 0 0"><span class='ocrx_word' id='word_1_2' title='bbox 1410 1122 1679 1181; x_wconf 78' lang='lat' dir='ltr'>LXXXII</span> 
     </span>
    </p>
   </div>
   <div class='ocr_carea' id='block_1_3' title="bbox 1294 1441 1788 1515">
    <p class='ocr_par' dir='ltr' id='par_1_3' title="bbox 1294 1441 1788 1515">
     <span class='ocr_line' id='line_1_3' title="bbox 1294 1441 1788 1515; baseline -0.008 -8"><span class='ocrx_word' id='word_1_3' title='bbox 1294 1441 1593 1515; x_wconf 78' lang='lat' dir='ltr'><strong>OrleanS‚</strong></span> <span class='ocrx_word' id='word_1_4' title='bbox 1625 1442 1788 1504; x_wconf 81' lang='lat'><strong>1173</strong></span> 
     </span>
    </p>
   </div>
   <div class='ocr_carea' id='block_1_4' title="bbox 405 1696 2666 1886">
    <p class='ocr_par' dir='ltr' id='par_1_4' title="bbox 405 1696 2666 1886">
     <span class='ocr_line' id='line_1_4' title="bbox 405 1696 2666 1792; baseline -0.001 -17"><span class='ocrx_word' id='word_1_5' title='bbox 405 1720 529 1775; x_wconf 86' lang='lat' dir='ltr'><strong>Don</strong></span> <span class='ocrx_word' id='word_1_6' title='bbox 562 1737 666 1792; x_wconf 81' lang='lat' dir='ltr'><strong>par</strong></span> <span class='ocrx_word' id='word_1_7' title='bbox 692 1719 862 1775; x_wconf 82' lang='lat' dir='ltr'><strong>Leuis</strong></span> <span class='ocrx_word' id='word_1_8' title='bbox 886 1719 983 1775; x_wconf 87' lang='lat' dir='ltr'><strong>vn</strong></span> <span class='ocrx_word' id='word_1_9' title='bbox 1007 1719 1083 1775; x_wconf 90' lang='lat' dir='ltr'><strong>du</strong></span> <span class='ocrx_word' id='word_1_10' title='bbox 1111 1718 1209 1773; x_wconf 70' lang='lat' dir='ltr'><strong>fiet</strong></span> <span class='ocrx_word' id='word_1_11' title='bbox 1235 1718 1303 1773; x_wconf 90' lang='lat' dir='ltr'><strong>de</strong></span> <span class='ocrx_word' id='word_1_12' title='bbox 1334 1696 1575 1790; x_wconf 74' lang='lat' dir='ltr'><strong>Sennely</strong></span> <span class='ocrx_word' id='word_1_13' title='bbox 1615 1734 1689 1774; x_wconf 84' lang='lat' dir='ltr'><strong>au</strong></span> <span class='ocrx_word' id='word_1_14' title='bbox 1736 1724 1918 1772; x_wconf 87' lang='lat' dir='ltr'><strong>comte</strong></span> <span class='ocrx_word' id='word_1_15' title='bbox 1956 1717 2027 1773; x_wconf 87' lang='lat' dir='ltr'><strong>de</strong></span> <span class='ocrx_word' id='word_1_16' title='bbox 2069 1717 2243 1784; x_wconf 88' lang='lat' dir='ltr'><strong>Blois,</strong></span> <span class='ocrx_word' id='word_1_17' title='bbox 2296 1717 2582 1773; x_wconf 77' lang='lat' dir='ltr'><strong>reservant</strong></span> <span class='ocrx_word' id='word_1_18' title='bbox 2613 1719 2666 1773; x_wconf 87' lang='lat' dir='ltr'><strong>la</strong></span> 
     </span>
     <span class='ocr_line' id='line_1_5' title="bbox 597 1813 2483 1886; baseline -0.001 -15"><span class='ocrx_word' id='word_1_19' title='bbox 597 1816 806 1886; x_wconf 80' lang='lat' dir='ltr'><strong>justice</strong></span> <span class='ocrx_word' id='word_1_20' title='bbox 830 1815 928 1870; x_wconf 87' lang='lat' dir='ltr'><strong>des</strong></span> <span class='ocrx_word' id='word_1_21' title='bbox 955 1815 1253 1884; x_wconf 75' lang='lat' dir='ltr'><strong>seigneurs</strong></span> <span class='ocrx_word' id='word_1_22' title='bbox 1282 1813 1754 1886; x_wconf 78' lang='lat' dir='ltr'><strong>ecclesiastiques‚</strong></span> <span class='ocrx_word' id='word_1_23' title='bbox 1783 1813 1920 1869; x_wconf 90' lang='lat' dir='ltr'><strong>dont</strong></span> <span class='ocrx_word' id='word_1_24' title='bbox 1944 1819 2026 1869; x_wconf 82' lang='lat' dir='ltr'><strong>est</strong></span> <span class='ocrx_word' id='word_1_25' title='bbox 2067 1814 2483 1870; x_wconf 84' lang='lat' dir='ltr'><strong>Sainte-Croix.</strong></span> 
     </span>
    </p>
   </div>
   <div class='ocr_carea' id='block_1_5' title="bbox 404 1958 2659 2126">
    <p class='ocr_par' dir='ltr' id='par_1_5' title="bbox 404 1958 2659 2126">
     <span class='ocr_line' id='line_1_6' title="bbox 404 1958 2659 2033; baseline -0.001 -17"><span class='ocrx_word' id='word_1_26' title='bbox 404 1961 555 2033; x_wconf 88' lang='lat' dir='ltr'><strong>(Bib.</strong></span> <span class='ocrx_word' id='word_1_27' title='bbox 588 1961 722 2017; x_wconf 85' lang='lat' dir='ltr'><strong>Nat.</strong></span> <span class='ocrx_word' id='word_1_28' title='bbox 754 1961 982 2017; x_wconf 82' lang='lat' dir='ltr'><strong>Moreau</strong></span> <span class='ocrx_word' id='word_1_29' title='bbox 1011 1958 1112 2015; x_wconf 86' lang='lat'><strong>78:</strong></span> <span class='ocrx_word' id='word_1_30' title='bbox 1144 1958 1269 2016; x_wconf 83' lang='lat'><strong>181.</strong></span> <span class='ocrx_word' id='word_1_31' title='bbox 1297 1979 1323 2011; x_wconf 74' lang='grc' dir='ltr'>ι</span> <span class='ocrx_word' id='word_1_32' title='bbox 1354 1960 1567 2016; x_wconf 86' lang='lat' dir='ltr'><strong>Cartul.</strong></span> <span class='ocrx_word' id='word_1_33' title='bbox 1596 1959 1665 2014; x_wconf 90' lang='lat' dir='ltr'><strong>de</strong></span> <span class='ocrx_word' id='word_1_34' title='bbox 1694 1958 1839 2030; x_wconf 78' lang='lat' dir='ltr'><strong>l&#39;egl.</strong></span> <span class='ocrx_word' id='word_1_35' title='bbox 1873 1959 1941 2015; x_wconf 91' lang='lat' dir='ltr'><strong>de</strong></span> <span class='ocrx_word' id='word_1_36' title='bbox 1972 1959 2348 2016; x_wconf 84' lang='lat' dir='ltr'><strong>Sainte—Croix</strong></span> <span class='ocrx_word' id='word_1_37' title='bbox 2362 1958 2659 2015; x_wconf 77' lang='lat' dir='ltr'><strong>d’Orleans</strong></span> 
     </span>
     <span class='ocr_line' id='line_1_7' title="bbox 1270 2054 1766 2126; baseline 0 -16"><span class='ocrx_word' id='word_1_38' title='bbox 1270 2054 1440 2126; x_wconf 63' lang='lat' dir='ltr'><strong>gjfol.</strong></span> <span class='ocrx_word' id='word_1_39' title='bbox 1467 2054 1567 2109; x_wconf 83' lang='lat'><strong>181</strong></span> <span class='ocrx_word' id='word_1_40' title='bbox 1602 2066 1660 2109; x_wconf 75' lang='grc' dir='ltr'><strong>το</strong></span> <span class='ocrx_word' id='word_1_41' title='bbox 1684 2056 1766 2124; x_wconf 66' lang='grc' dir='ltr'><strong>ι.)</strong></span> 
     </span>
    </p>
   </div>
   <div class='ocr_carea' id='block_1_6' title="bbox 342 2294 2669 4788">
    <p class='ocr_par' dir='ltr' id='par_1_6' title="bbox 342 2294 2669 4788">
     <span class='ocr_line' id='line_1_8' title="bbox 500 2294 2667 2389; baseline 0 -22"><span class='ocrx_word' id='word_1_42' title='bbox 500 2300 572 2367; x_wconf 89' lang='lat' dir='ltr'><strong>ln</strong></span> <span class='ocrx_word' id='word_1_43' title='bbox 601 2298 867 2368; x_wconf 88' lang='lat' dir='ltr'><strong>nomine</strong></span> <span class='ocrx_word' id='word_1_44' title='bbox 905 2311 1128 2369; x_wconf 87' lang='lat' dir='ltr'><strong>sancte</strong></span> <span class='ocrx_word' id='word_1_45' title='bbox 1162 2311 1225 2368; x_wconf 92' lang='lat' dir='ltr'><strong>et</strong></span> <span class='ocrx_word' id='word_1_46' title='bbox 1266 2294 1592 2367; x_wconf 84' lang='lat' dir='ltr'><strong>individue</strong></span> <span class='ocrx_word' id='word_1_47' title='bbox 1630 2295 1979 2366; x_wconf 76' lang='lat' dir='ltr'><strong>Trinitatis.</strong></span> <span class='ocrx_word' id='word_1_48' title='bbox 2017 2303 2245 2368; x_wconf 83' lang='lat' dir='ltr'><strong>Amen.</strong></span> <span class='ocrx_word' id='word_1_49' title='bbox 2287 2301 2420 2389; x_wconf 84' lang='lat' dir='ltr'><strong>Ego</strong></span> <span class='ocrx_word' id='word_1_50' title='bbox 2458 2298 2667 2368; x_wconf 88' lang='lat' dir='ltr'><strong>Ludo-</strong></span> 
     </span>
     <span class='ocr_line' id='line_1_9' title="bbox 410 2408 2655 2503; baseline 0 -22"><span class='ocrx_word' id='word_1_51' title='bbox 410 2408 617 2498; x_wconf 88' lang='lat' dir='ltr'><strong>vicus,</strong></span> <span class='ocrx_word' id='word_1_52' title='bbox 647 2411 762 2482; x_wconf 87' lang='lat' dir='ltr'><strong>Dei</strong></span> <span class='ocrx_word' id='word_1_53' title='bbox 793 2409 991 2502; x_wconf 83' lang='lat' dir='ltr'><strong>gratia</strong></span> <span class='ocrx_word' id='word_1_54' title='bbox 1016 2414 1401 2482; x_wconf 83' lang='lat' dir='ltr'><strong>Francorum</strong></span> <span class='ocrx_word' id='word_1_55' title='bbox 1433 2424 1808 2495; x_wconf 88' lang='lat' dir='ltr'><strong>rex,uotum</strong></span> <span class='ocrx_word' id='word_1_56' title='bbox 1838 2411 2105 2483; x_wconf 84' lang='lat' dir='ltr'><strong>facimus</strong></span> <span class='ocrx_word' id='word_1_57' title='bbox 2138 2412 2547 2503; x_wconf 83' lang='lat' dir='ltr'><strong>presentibus</strong></span> <span class='ocrx_word' id='word_1_58' title='bbox 2590 2424 2655 2482; x_wconf 94' lang='lat' dir='ltr'><strong>et</strong></span> 
     </span>
     <span class='ocr_line' id='line_1_10' title="bbox 342 2515 2666 2616; baseline 0 -21"><span class='ocrx_word' id='word_1_59' title='bbox 342 2515 351 2524; x_wconf 59' lang='lat'><em>⁰</em></span> <span class='ocrx_word' id='word_1_60' title='bbox 416 2524 652 2595; x_wconf 82' lang='lat' dir='ltr'><strong>futuris</strong></span> <span class='ocrx_word' id='word_1_61' title='bbox 717 2528 887 2616; x_wconf 90' lang='lat' dir='ltr'><strong>quod</strong></span> <span class='ocrx_word' id='word_1_62' title='bbox 959 2525 1129 2596; x_wconf 87' lang='lat' dir='ltr'><strong>fideli</strong></span> <span class='ocrx_word' id='word_1_63' title='bbox 1193 2538 1254 2595; x_wconf 90' lang='lat' dir='ltr'><strong>et</strong></span> <span class='ocrx_word' id='word_1_64' title='bbox 1320 2523 1557 2596; x_wconf 84' lang='lat' dir='ltr'><strong>dilecto</strong></span> <span class='ocrx_word' id='word_1_65' title='bbox 1622 2537 1843 2597; x_wconf 91' lang='lat' dir='ltr'><strong>nostro</strong></span> <span class='ocrx_word' id='word_1_66' title='bbox 1906 2528 2302 2608; x_wconf 87' lang='lat' dir='ltr'><strong>Theobaldo,</strong></span> <span class='ocrx_word' id='word_1_67' title='bbox 2381 2523 2666 2615; x_wconf 80' lang='lat' dir='ltr'><strong>dapifero</strong></span> 
     </span>
     <span class='ocr_line' id='line_1_11' title="bbox 416 2637 2663 2730; baseline -0 -21"><span class='ocrx_word' id='word_1_68' title='bbox 416 2653 668 2722; x_wconf 86' lang='lat' dir='ltr'><strong>nostro,</strong></span> <span class='ocrx_word' id='word_1_69' title='bbox 728 2653 791 2709; x_wconf 90' lang='lat' dir='ltr'><strong>et</strong></span> <span class='ocrx_word' id='word_1_70' title='bbox 831 2640 1183 2710; x_wconf 83' lang='lat' dir='ltr'><strong>heredibus</strong></span> <span class='ocrx_word' id='word_1_71' title='bbox 1222 2637 1355 2709; x_wconf 87' lang='lat' dir='ltr'><strong>suis</strong></span> <span class='ocrx_word' id='word_1_72' title='bbox 1405 2640 1724 2710; x_wconf 80' lang='lat' dir='ltr'><strong>donamus</strong></span> <span class='ocrx_word' id='word_1_73' title='bbox 1767 2637 1827 2708; x_wconf 93' lang='lat' dir='ltr'><strong>in</strong></span> <span class='ocrx_word' id='word_1_74' title='bbox 1882 2652 2296 2730; x_wconf 83' lang='lat' dir='ltr'><strong>augmentum</strong></span> <span class='ocrx_word' id='word_1_75' title='bbox 2340 2641 2509 2710; x_wconf 78' lang='lat' dir='ltr'><strong>feodi</strong></span> <span class='ocrx_word' id='word_1_76' title='bbox 2565 2640 2663 2709; x_wconf 91' lang='lat' dir='ltr'><strong>sui</strong></span> 
     </span>
     <span class='ocr_line' id='line_1_12' title="bbox 417 2751 2666 2846; baseline -0 -23"><span class='ocrx_word' id='word_1_77' title='bbox 417 2751 733 2846; x_wconf 90' lang='lat' dir='ltr'><strong>quidquid</strong></span> <span class='ocrx_word' id='word_1_78' title='bbox 788 2754 1183 2824; x_wconf 83' lang='lat' dir='ltr'><strong>habebamus</strong></span> <span class='ocrx_word' id='word_1_79' title='bbox 1223 2755 1388 2844; x_wconf 88' lang='lat' dir='ltr'><strong>apud</strong></span> <span class='ocrx_word' id='word_1_80' title='bbox 1450 2751 1857 2824; x_wconf 86' lang='lat' dir='ltr'><strong>Seneliacum</strong></span> <span class='ocrx_word' id='word_1_81' title='bbox 1897 2751 1960 2822; x_wconf 92' lang='lat' dir='ltr'><strong>in</strong></span> <span class='ocrx_word' id='word_1_82' title='bbox 2004 2757 2258 2825; x_wconf 86' lang='lat' dir='ltr'><strong>leodum</strong></span> <span class='ocrx_word' id='word_1_83' title='bbox 2296 2768 2360 2825; x_wconf 85' lang='lat' dir='ltr'><strong>et</strong></span> <span class='ocrx_word' id='word_1_84' title='bbox 2408 2752 2666 2824; x_wconf 90' lang='lat' dir='ltr'><strong>heredi-</strong></span> 
     </span>
     <span class='ocr_line' id='line_1_13' title="bbox 416 2865 2667 2959; baseline -0.001 -21"><span class='ocrx_word' id='word_1_85' title='bbox 416 2865 571 2939; x_wconf 85' lang='lat' dir='ltr'><strong>tario</strong></span> <span class='ocrx_word' id='word_1_86' title='bbox 587 2870 735 2959; x_wconf 88' lang='lat' dir='ltr'><strong>jure</strong></span> <span class='ocrx_word' id='word_1_87' title='bbox 760 2872 1135 2950; x_wconf 89' lang='lat' dir='ltr'><strong>tenendum,</strong></span> <span class='ocrx_word' id='word_1_88' title='bbox 1155 2889 1230 2938; x_wconf 88' lang='lat' dir='ltr'><strong>ea</strong></span> <span class='ocrx_word' id='word_1_89' title='bbox 1244 2865 1611 2938; x_wconf 88' lang='lat' dir='ltr'><strong>conditione</strong></span> <span class='ocrx_word' id='word_1_90' title='bbox 1641 2872 1811 2957; x_wconf 91' lang='lat' dir='ltr'><strong>quod</strong></span> <span class='ocrx_word' id='word_1_91' title='bbox 1843 2867 1983 2938; x_wconf 90' lang='lat' dir='ltr'><strong>sine</strong></span> <span class='ocrx_word' id='word_1_92' title='bbox 2012 2890 2335 2938; x_wconf 91' lang='lat' dir='ltr'><strong>consensu</strong></span> <span class='ocrx_word' id='word_1_93' title='bbox 2353 2881 2415 2938; x_wconf 88' lang='lat' dir='ltr'><strong>et</strong></span> <span class='ocrx_word' id='word_1_94' title='bbox 2443 2871 2667 2938; x_wconf 89' lang='lat' dir='ltr'><strong>volun-</strong></span> 
     </span>
     <span class='ocr_line' id='line_1_14' title="bbox 413 2981 2665 3072; baseline 0 -21"><span class='ocrx_word' id='word_1_95' title='bbox 413 2994 540 3052; x_wconf 88' lang='lat' dir='ltr'><strong>tate</strong></span> <span class='ocrx_word' id='word_1_96' title='bbox 579 2995 801 3052; x_wconf 88' lang='lat' dir='ltr'><strong>nostra</strong></span> <span class='ocrx_word' id='word_1_97' title='bbox 841 2995 1129 3072; x_wconf 89' lang='lat' dir='ltr'><strong>tempore</strong></span> <span class='ocrx_word' id='word_1_98' title='bbox 1164 2995 1413 3062; x_wconf 85' lang='lat' dir='ltr'><strong>nostro,</strong></span> <span class='ocrx_word' id='word_1_99' title='bbox 1455 2993 1519 3051; x_wconf 88' lang='lat' dir='ltr'><strong>et</strong></span> <span class='ocrx_word' id='word_1_100' title='bbox 1580 2995 1724 3070; x_wconf 89' lang='lat' dir='ltr'><strong>post</strong></span> <span class='ocrx_word' id='word_1_101' title='bbox 1781 2983 2120 3052; x_wconf 86' lang='lat' dir='ltr'><strong>decessum</strong></span> <span class='ocrx_word' id='word_1_102' title='bbox 2171 2997 2460 3053; x_wconf 89' lang='lat' dir='ltr'><strong>nostrum</strong></span> <span class='ocrx_word' id='word_1_103' title='bbox 2525 2981 2665 3052; x_wconf 89' lang='lat' dir='ltr'><strong>sine</strong></span> 
     </span>
     <span class='ocr_line' id='line_1_15' title="bbox 414 3092 2666 3187; baseline 0 -22"><span class='ocrx_word' id='word_1_104' title='bbox 414 3117 742 3167; x_wconf 90' lang='lat' dir='ltr'><strong>consensu</strong></span> <span class='ocrx_word' id='word_1_105' title='bbox 796 3110 861 3166; x_wconf 90' lang='lat' dir='ltr'><strong>et</strong></span> <span class='ocrx_word' id='word_1_106' title='bbox 899 3098 1222 3166; x_wconf 88' lang='lat' dir='ltr'><strong>voluntate</strong></span> <span class='ocrx_word' id='word_1_107' title='bbox 1276 3092 1383 3164; x_wconf 80' lang='lat' dir='ltr'><strong>filii</strong></span> <span class='ocrx_word' id='word_1_108' title='bbox 1425 3094 1624 3166; x_wconf 87' lang='lat' dir='ltr'><strong>nostri</strong></span> <span class='ocrx_word' id='word_1_109' title='bbox 1678 3094 1950 3187; x_wconf 83' lang='lat' dir='ltr'><strong>Philippi</strong></span> <span class='ocrx_word' id='word_1_110' title='bbox 2011 3099 2247 3165; x_wconf 88' lang='lat' dir='ltr'><strong>nullam</strong></span> <span class='ocrx_word' id='word_1_111' title='bbox 2289 3095 2409 3166; x_wconf 88' lang='lat' dir='ltr'><strong>sibi</strong></span> <span class='ocrx_word' id='word_1_112' title='bbox 2458 3097 2666 3186; x_wconf 88' lang='lat' dir='ltr'><strong>possit</strong></span> 
     </span>
     <span class='ocr_line' id='line_1_16' title="bbox 413 3208 2667 3300; baseline 0 -21"><span class='ocrx_word' id='word_1_113' title='bbox 413 3212 622 3282; x_wconf 74' lang='lat' dir='ltr'><strong>{acere</strong></span> <span class='ocrx_word' id='word_1_114' title='bbox 664 3212 1053 3282; x_wconf 85' lang='lat' dir='ltr'><strong>firmitatem.</strong></span> <span class='ocrx_word' id='word_1_115' title='bbox 1094 3214 1221 3280; x_wconf 92' lang='lat' dir='ltr'><strong>Nos</strong></span> <span class='ocrx_word' id='word_1_116' title='bbox 1253 3208 1446 3300; x_wconf 84' lang='lat' dir='ltr'><strong>igitur</strong></span> <span class='ocrx_word' id='word_1_117' title='bbox 1470 3209 1769 3281; x_wconf 84' lang='lat' dir='ltr'><strong>ecclesiis</strong></span> <span class='ocrx_word' id='word_1_118' title='bbox 1809 3209 2045 3280; x_wconf 89' lang='lat' dir='ltr'><strong>nostris</strong></span> <span class='ocrx_word' id='word_1_119' title='bbox 2077 3210 2410 3300; x_wconf 88' lang='lat' dir='ltr'><strong>providere</strong></span> <span class='ocrx_word' id='word_1_120' title='bbox 2450 3214 2667 3281; x_wconf 85' lang='lat' dir='ltr'><strong>volen-</strong></span> 
     </span>
     <span class='ocr_line' id='line_1_17' title="bbox 417 3322 2665 3414; baseline 0 -20"><span class='ocrx_word' id='word_1_121' title='bbox 417 3338 534 3407; x_wconf 87' lang='lat' dir='ltr'><strong>tes,</strong></span> <span class='ocrx_word' id='word_1_122' title='bbox 580 3347 667 3395; x_wconf 91' lang='lat' dir='ltr'><strong>ne</strong></span> <span class='ocrx_word' id='word_1_123' title='bbox 705 3322 1047 3395; x_wconf 87' lang='lat' dir='ltr'><strong>occasione</strong></span> <span class='ocrx_word' id='word_1_124' title='bbox 1091 3322 1240 3395; x_wconf 91' lang='lat' dir='ltr'><strong>doni</strong></span> <span class='ocrx_word' id='word_1_125' title='bbox 1291 3324 1358 3392; x_wconf 91' lang='lat' dir='ltr'><strong>in</strong></span> <span class='ocrx_word' id='word_1_126' title='bbox 1397 3323 1609 3413; x_wconf 84' lang='lat' dir='ltr'><strong>aliquo</strong></span> <span class='ocrx_word' id='word_1_127' title='bbox 1650 3324 2104 3394; x_wconf 81' lang='lat' dir='ltr'><strong>detrimentum</strong></span> <span class='ocrx_word' id='word_1_128' title='bbox 2147 3323 2491 3414; x_wconf 86' lang='lat' dir='ltr'><strong>patiantur,</strong></span> <span class='ocrx_word' id='word_1_129' title='bbox 2534 3339 2665 3394; x_wconf 89' lang='lat' dir='ltr'><strong>sta·</strong></span> 
     </span>
     <span class='ocr_line' id='line_1_18' title="bbox 416 3436 2666 3529; baseline -0.001 -20"><span class='ocrx_word' id='word_1_130' title='bbox 416 3437 657 3509; x_wconf 91' lang='lat' dir='ltr'><strong>tuimus</strong></span> <span class='ocrx_word' id='word_1_131' title='bbox 693 3440 864 3528; x_wconf 88' lang='lat' dir='ltr'><strong>quod</strong></span> <span class='ocrx_word' id='word_1_132' title='bbox 912 3441 1280 3509; x_wconf 84' lang='lat' dir='ltr'><strong>nullatenus</strong></span> <span class='ocrx_word' id='word_1_133' title='bbox 1329 3436 1545 3507; x_wconf 90' lang='lat' dir='ltr'><strong>comiti</strong></span> <span class='ocrx_word' id='word_1_134' title='bbox 1586 3440 1955 3508; x_wconf 89' lang='lat' dir='ltr'><strong>Theobaldo</strong></span> <span class='ocrx_word' id='word_1_135' title='bbox 1997 3451 2105 3508; x_wconf 89' lang='lat' dir='ltr'><strong>aut</strong></span> <span class='ocrx_word' id='word_1_136' title='bbox 2144 3438 2487 3509; x_wconf 88' lang='lat' dir='ltr'><strong>heredibus</strong></span> <span class='ocrx_word' id='word_1_137' title='bbox 2526 3440 2666 3529; x_wconf 86' lang='lat' dir='ltr'><strong>ejus</strong></span> 
     </span>
     <span class='ocr_line' id='line_1_19' title="bbox 416 3550 2661 3643; baseline 0 -24"><span class='ocrx_word' id='word_1_138' title='bbox 416 3550 480 3621; x_wconf 88' lang='lat' dir='ltr'><strong>in</strong></span> <span class='ocrx_word' id='word_1_139' title='bbox 545 3566 878 3643; x_wconf 90' lang='lat' dir='ltr'><strong>posterum</strong></span> <span class='ocrx_word' id='word_1_140' title='bbox 939 3553 1238 3623; x_wconf 89' lang='lat' dir='ltr'><strong>homines</strong></span> <span class='ocrx_word' id='word_1_141' title='bbox 1305 3553 1438 3622; x_wconf 88' lang='lat' dir='ltr'><strong>sive</strong></span> <span class='ocrx_word' id='word_1_142' title='bbox 1503 3553 1793 3643; x_wconf 86' lang='lat' dir='ltr'><strong>hospites</strong></span> <span class='ocrx_word' id='word_1_143' title='bbox 1856 3565 2111 3623; x_wconf 89' lang='lat' dir='ltr'><strong>nostros</strong></span> <span class='ocrx_word' id='word_1_144' title='bbox 2177 3551 2311 3622; x_wconf 88' lang='lat' dir='ltr'><strong>sive</strong></span> <span class='ocrx_word' id='word_1_145' title='bbox 2373 3550 2661 3643; x_wconf 86' lang='lat' dir='ltr'><strong>episcopi</strong></span> 
     </span>
     <span class='ocr_line' id='line_1_20' title="bbox 418 3664 2665 3751; baseline 0 -16"><span class='ocrx_word' id='word_1_146' title='bbox 418 3665 916 3751; x_wconf 79' lang='lat' dir='ltr'><strong>Aurelianensis,</strong></span> <span class='ocrx_word' id='word_1_147' title='bbox 972 3680 1036 3736; x_wconf 89' lang='lat' dir='ltr'><strong>et</strong></span> <span class='ocrx_word' id='word_1_148' title='bbox 1075 3664 1350 3737; x_wconf 86' lang='lat' dir='ltr'><strong>ecclesie</strong></span> <span class='ocrx_word' id='word_1_149' title='bbox 1386 3671 1622 3736; x_wconf 79' lang='lat' dir='ltr'><strong>Sancte</strong></span> <span class='ocrx_word' id='word_1_150' title='bbox 1655 3665 1901 3741; x_wconf 81' lang='lat' dir='ltr'><strong>Crucis,</strong></span> <span class='ocrx_word' id='word_1_151' title='bbox 1955 3681 2016 3737; x_wconf 88' lang='lat' dir='ltr'><strong>et</strong></span> <span class='ocrx_word' id='word_1_152' title='bbox 2055 3666 2268 3737; x_wconf 89' lang='lat' dir='ltr'><strong>Sancti</strong></span> <span class='ocrx_word' id='word_1_153' title='bbox 2307 3665 2555 3748; x_wconf 77' lang='lat' dir='ltr'><strong>Auiani,</strong></span> <span class='ocrx_word' id='word_1_154' title='bbox 2601 3679 2665 3737; x_wconf 90' lang='lat' dir='ltr'><strong>et</strong></span> 
     </span>
     <span class='ocr_line' id='line_1_21' title="bbox 420 3777 2659 3871; baseline 0 -22"><span class='ocrx_word' id='word_1_155' title='bbox 420 3781 630 3851; x_wconf 88' lang='lat' dir='ltr'><strong>Sancti</strong></span> <span class='ocrx_word' id='word_1_156' title='bbox 668 3777 983 3871; x_wconf 85' lang='lat' dir='ltr'><strong>Dionysii,</strong></span> <span class='ocrx_word' id='word_1_157' title='bbox 1026 3793 1089 3850; x_wconf 88' lang='lat' dir='ltr'><strong>et</strong></span> <span class='ocrx_word' id='word_1_158' title='bbox 1126 3779 1340 3849; x_wconf 85' lang='lat' dir='ltr'><strong>Sancti</strong></span> <span class='ocrx_word' id='word_1_159' title='bbox 1371 3777 1727 3862; x_wconf 85' lang='lat' dir='ltr'><strong>Benedicti,</strong></span> <span class='ocrx_word' id='word_1_160' title='bbox 1755 3794 1819 3850; x_wconf 90' lang='lat' dir='ltr'><strong>et</strong></span> <span class='ocrx_word' id='word_1_161' title='bbox 1857 3795 2212 3851; x_wconf 87' lang='lat' dir='ltr'><strong>ceterarum</strong></span> <span class='ocrx_word' id='word_1_162' title='bbox 2238 3779 2659 3851; x_wconf 88' lang='lat' dir='ltr'><strong>ecclesiarum</strong></span> 
     </span>
     <span class='ocr_line' id='line_1_22' title="bbox 418 3892 2668 3986; baseline 0.001 -24"><span class='ocrx_word' id='word_1_163' title='bbox 418 3895 493 3962; x_wconf 86' lang='lat' dir='ltr'><strong>ad</strong></span> <span class='ocrx_word' id='word_1_164' title='bbox 533 3892 978 3986; x_wconf 87' lang='lat' dir='ltr'><strong>episcopatum</strong></span> <span class='ocrx_word' id='word_1_165' title='bbox 1020 3892 1544 3964; x_wconf 82' lang='lat' dir='ltr'><strong>Aurelianensem</strong></span> <span class='ocrx_word' id='word_1_166' title='bbox 1583 3892 2040 3985; x_wconf 88' lang='lat' dir='ltr'><strong>pertinentium</strong></span> <span class='ocrx_word' id='word_1_167' title='bbox 2072 3893 2359 3985; x_wconf 88' lang='lat' dir='ltr'><strong>recipere</strong></span> <span class='ocrx_word' id='word_1_168' title='bbox 2406 3908 2514 3965; x_wconf 85' lang='lat' dir='ltr'><strong>aut</strong></span> <span class='ocrx_word' id='word_1_169' title='bbox 2551 3894 2668 3965; x_wconf 81' lang='lat' dir='ltr'><strong>ali-</strong></span> 
     </span>
     <span class='ocr_line' id='line_1_23' title="bbox 420 4007 2664 4100; baseline 0.002 -23"><span class='ocrx_word' id='word_1_170' title='bbox 420 4029 542 4098; x_wconf 91' lang='lat' dir='ltr'><strong>quo</strong></span> <span class='ocrx_word' id='word_1_171' title='bbox 567 4011 763 4079; x_wconf 92' lang='lat' dir='ltr'><strong>modo</strong></span> <span class='ocrx_word' id='word_1_172' title='bbox 787 4007 1064 4080; x_wconf 88' lang='lat' dir='ltr'><strong>retinere</strong></span> <span class='ocrx_word' id='word_1_173' title='bbox 1090 4007 1336 4094; x_wconf 88' lang='lat' dir='ltr'><strong>licebit,</strong></span> <span class='ocrx_word' id='word_1_174' title='bbox 1365 4010 1477 4080; x_wconf 92' lang='lat' dir='ltr'><strong>sed</strong></span> <span class='ocrx_word' id='word_1_175' title='bbox 1508 4023 1636 4078; x_wconf 88' lang='lat' dir='ltr'><strong>tam</strong></span> <span class='ocrx_word' id='word_1_176' title='bbox 1676 4007 2023 4100; x_wconf 88' lang='lat' dir='ltr'><strong>episcopus</strong></span> <span class='ocrx_word' id='word_1_177' title='bbox 2053 4031 2245 4099; x_wconf 90' lang='lat' dir='ltr'><strong>quam</strong></span> <span class='ocrx_word' id='word_1_178' title='bbox 2277 4031 2664 4100; x_wconf 87' lang='lat' dir='ltr'><strong>unaqueque</strong></span> 
     </span>
     <span class='ocr_line' id='line_1_24' title="bbox 424 4121 2666 4214; baseline 0.001 -22"><span class='ocrx_word' id='word_1_179' title='bbox 424 4122 847 4214; x_wconf 89' lang='lat' dir='ltr'><strong>predictarum</strong></span> <span class='ocrx_word' id='word_1_180' title='bbox 886 4123 1306 4194; x_wconf 87' lang='lat' dir='ltr'><strong>ecclesiarum</strong></span> <span class='ocrx_word' id='word_1_181' title='bbox 1363 4124 1720 4194; x_wconf 87' lang='lat' dir='ltr'><strong>universam</strong></span> <span class='ocrx_word' id='word_1_182' title='bbox 1754 4121 2074 4214; x_wconf 86' lang='lat' dir='ltr'><strong>justitiam·</strong></span> <span class='ocrx_word' id='word_1_183' title='bbox 2126 4122 2191 4192; x_wconf 90' lang='lat' dir='ltr'><strong>in</strong></span> <span class='ocrx_word' id='word_1_184' title='bbox 2244 4125 2539 4194; x_wconf 88' lang='lat' dir='ltr'><strong>homines</strong></span> <span class='ocrx_word' id='word_1_185' title='bbox 2601 4138 2666 4195; x_wconf 88' lang='lat' dir='ltr'><strong>et</strong></span> 
     </span>
     <span class='ocr_line' id='line_1_25' title="bbox 425 4233 2664 4329; baseline 0.002 -26"><span class='ocrx_word' id='word_1_186' title='bbox 425 4233 483 4304; x_wconf 89' lang='lat' dir='ltr'><strong>in</strong></span> <span class='ocrx_word' id='word_1_187' title='bbox 523 4236 812 4328; x_wconf 86' lang='lat' dir='ltr'><strong>hospites</strong></span> <span class='ocrx_word' id='word_1_188' title='bbox 850 4250 1020 4307; x_wconf 89' lang='lat' dir='ltr'><strong>terre</strong></span> <span class='ocrx_word' id='word_1_189' title='bbox 1061 4259 1203 4320; x_wconf 93' lang='lat' dir='ltr'><strong>sue,</strong></span> <span class='ocrx_word' id='word_1_190' title='bbox 1243 4250 1306 4307; x_wconf 91' lang='lat' dir='ltr'><strong>et</strong></span> <span class='ocrx_word' id='word_1_191' title='bbox 1346 4234 1411 4305; x_wconf 92' lang='lat' dir='ltr'><strong>in</strong></span> <span class='ocrx_word' id='word_1_192' title='bbox 1464 4236 1759 4308; x_wconf 86' lang='lat' dir='ltr'><strong>homines</strong></span> <span class='ocrx_word' id='word_1_193' title='bbox 1797 4237 1987 4307; x_wconf 88' lang='lat' dir='ltr'><strong>etiam</strong></span> <span class='ocrx_word' id='word_1_194' title='bbox 2046 4259 2201 4307; x_wconf 91' lang='lat' dir='ltr'><strong>suos</strong></span> <span class='ocrx_word' id='word_1_195' title='bbox 2256 4237 2363 4327; x_wconf 91' lang='lat' dir='ltr'><strong>qui</strong></span> <span class='ocrx_word' id='word_1_196' title='bbox 2420 4240 2553 4329; x_wconf 91' lang='lat' dir='ltr'><strong>jam</strong></span> <span class='ocrx_word' id='word_1_197' title='bbox 2600 4238 2664 4307; x_wconf 91' lang='lat' dir='ltr'><strong>in</strong></span> 
     </span>
     <span class='ocr_line' id='line_1_26' title="bbox 427 4349 2669 4443; baseline 0.001 -24"><span class='ocrx_word' id='word_1_198' title='bbox 427 4352 564 4421; x_wconf 75' lang='lat' dir='ltr'><strong>villa</strong></span> <span class='ocrx_word' id='word_1_199' title='bbox 597 4366 661 4423; x_wconf 88' lang='lat' dir='ltr'><strong>et</strong></span> <span class='ocrx_word' id='word_1_200' title='bbox 703 4349 1001 4442; x_wconf 88' lang='lat' dir='ltr'><strong>parochia</strong></span> <span class='ocrx_word' id='word_1_201' title='bbox 1043 4350 1354 4422; x_wconf 87' lang='lat' dir='ltr'><strong>Seneliaci</strong></span> <span class='ocrx_word' id='word_1_202' title='bbox 1391 4365 1720 4423; x_wconf 87' lang='lat' dir='ltr'><strong>morantur</strong></span> <span class='ocrx_word' id='word_1_203' title='bbox 1753 4365 1818 4421; x_wconf 90' lang='lat' dir='ltr'><strong>et</strong></span> <span class='ocrx_word' id='word_1_204' title='bbox 1874 4374 2095 4422; x_wconf 91' lang='lat' dir='ltr'><strong>eorum</strong></span> <span class='ocrx_word' id='word_1_205' title='bbox 2137 4354 2437 4439; x_wconf 79' lang='lat' dir='ltr'><strong>heredeS,</strong></span> <span class='ocrx_word' id='word_1_206' title='bbox 2480 4351 2669 4443; x_wconf 89' lang='lat' dir='ltr'><strong>quic-</strong></span> 
     </span>
     <span class='ocr_line' id='line_1_27' title="bbox 429 4463 2665 4559; baseline 0.003 -26"><span class='ocrx_word' id='word_1_207' title='bbox 429 4463 570 4555; x_wconf 87' lang='lat' dir='ltr'><strong>quid</strong></span> <span class='ocrx_word' id='word_1_208' title='bbox 644 4479 932 4557; x_wconf 88' lang='lat' dir='ltr'><strong>tempore</strong></span> <span class='ocrx_word' id='word_1_209' title='bbox 998 4480 1219 4538; x_wconf 91' lang='lat' dir='ltr'><strong>nostro</strong></span> <span class='ocrx_word' id='word_1_210' title='bbox 1294 4465 1636 4538; x_wconf 88' lang='lat' dir='ltr'><strong>habuerint</strong></span> <span class='ocrx_word' id='word_1_211' title='bbox 1703 4480 2096 4538; x_wconf 87' lang='lat' dir='ltr'><strong>memoratus</strong></span> <span class='ocrx_word' id='word_1_212' title='bbox 2173 4468 2520 4559; x_wconf 90' lang='lat' dir='ltr'><strong>episcopus</strong></span> <span class='ocrx_word' id='word_1_213' title='bbox 2596 4483 2665 4539; x_wconf 88' lang='lat' dir='ltr'><strong>et</strong></span> 
     </span>
     <span class='ocr_line' id='line_1_28' title="bbox 425 4578 2666 4673; baseline 0.002 -26"><span class='ocrx_word' id='word_1_214' title='bbox 425 4578 715 4667; x_wconf 86' lang='lat' dir='ltr'><strong>jamdicte</strong></span> <span class='ocrx_word' id='word_1_215' title='bbox 745 4578 1021 4652; x_wconf 89' lang='lat' dir='ltr'><strong>ecclesie</strong></span> <span class='ocrx_word' id='word_1_216' title='bbox 1059 4580 1367 4672; x_wconf 88' lang='lat' dir='ltr'><strong>deinceps</strong></span> <span class='ocrx_word' id='word_1_217' title='bbox 1406 4579 1812 4653; x_wconf 87' lang='lat' dir='ltr'><strong>obtinebunt.</strong></span> <span class='ocrx_word' id='word_1_218' title='bbox 1850 4579 1922 4651; x_wconf 91' lang='lat' dir='ltr'><strong>Si</strong></span> <span class='ocrx_word' id='word_1_219' title='bbox 1953 4603 2078 4673; x_wconf 91' lang='lat' dir='ltr'><strong>que</strong></span> <span class='ocrx_word' id='word_1_220' title='bbox 2131 4594 2345 4651; x_wconf 89' lang='lat' dir='ltr'><strong>autem</strong></span> <span class='ocrx_word' id='word_1_221' title='bbox 2385 4596 2666 4652; x_wconf 85' lang='lat' dir='ltr'><strong>conten-</strong></span> 
     </span>
     <span class='ocr_line' id='line_1_29' title="bbox 435 4692 2664 4788; baseline 0.004 -30"><span class='ocrx_word' id='word_1_222' title='bbox 435 4692 629 4764; x_wconf 88' lang='lat' dir='ltr'><strong>tiones</strong></span> <span class='ocrx_word' id='word_1_223' title='bbox 667 4709 883 4766; x_wconf 82' lang='lat' dir='ltr'><strong>exorte</strong></span> <span class='ocrx_word' id='word_1_224' title='bbox 921 4692 1157 4765; x_wconf 81' lang='lat' dir='ltr'><strong>tuerint</strong></span> <span class='ocrx_word' id='word_1_225' title='bbox 1196 4698 1274 4765; x_wconf 90' lang='lat' dir='ltr'><strong>de</strong></span> <span class='ocrx_word' id='word_1_226' title='bbox 1314 4693 1523 4784; x_wconf 87' lang='lat' dir='ltr'><strong>aliqua</strong></span> <span class='ocrx_word' id='word_1_227' title='bbox 1562 4717 1629 4765; x_wconf 91' lang='lat' dir='ltr'><strong>re</strong></span> <span class='ocrx_word' id='word_1_228' title='bbox 1669 4697 1837 4765; x_wconf 89' lang='lat' dir='ltr'><strong>inter</strong></span> <span class='ocrx_word' id='word_1_229' title='bbox 1875 4692 2232 4765; x_wconf 78' lang='lat' dir='ltr'><strong>servientes</strong></span> <span class='ocrx_word' id='word_1_230' title='bbox 2272 4694 2561 4788; x_wconf 89' lang='lat' dir='ltr'><strong>episcopi</strong></span> <span class='ocrx_word' id='word_1_231' title='bbox 2600 4710 2664 4768; x_wconf 89' lang='lat' dir='ltr'><strong>et</strong></span> 
     </span>
    </p>
   </div>
  </div>
 </body>
</html>
