3485 5571
1434 659 1667 724 —521
1714 698 1793 708 —

461 786 749 857 diversis
789 789 854 857 in
888 786 1051 858 locis
1102 787 1351 879 positae,
1396 813 1553 879 quas
1601 792 1900 861 Radnll'us
1964 812 2072 860 rex
2124 791 2405 879 praefatae
2442 789 2721 862 reddidit

463 902 795 980 ecclesiae,
832 906 952 971 boc
992 916 1088 973 est
1131 902 1194 971 in
1223 903 1364 973 villa
1392 927 1535 993 quae
1569 918 1829 974 vocatur
1870 906 2203 993 Clepiacus
2245 926 2507 974 mansos
2547 908 2625 987 V,
2670 919 2732 974 et

467 1014 545 1085 in
575 1016 719 1085 villa
758 1015 1100 1106 Triganou,
1146 1019 1576 1108 pertinentem
1618 1021 1694 1088 ad
1728 1021 2023 1088 eamdem
2066 1017 2278 1087 villam
2322 1020 2720 1109 Clepiacum,

468 1133 789 1221 capellam
819 1134 869 1212 1,
907 1154 1200 1201 mansum
1249 1134 1299 1217 I,
1345 1133 1566 1202 uncias
1606 1136 1680 1213 V,
1717 1146 1782 1203 et
1821 1133 1886 1201 in
1925 1133 2226 1222 praedicto
2268 1135 2569 1224 Clepiaco
2608 1155 2735 1203 unc

475 1243 621 1336 [ias]
678 1244 814 1313 1111.
880 1248 948 1314 ln
1007 1242 1338 1328 Mardia00,
1403 1244 1677 1315 ecclesia
1745 1249 1793 1314 l.
1862 1249 1930 1316 In
1987 1252 2253 1330 Arunto,
2326 1246 2638 1339 unc[iam]
2675 1250 2725 1317 I.

471 1357 541 1427 in
586 1358 885 1440 Buciaco,
919 1372 1178 1448 quartas
1216 1363 1292 1430 11.
1337 1364 1404 1430 ln
1444 1360 1787 1431 Barberoni
1822 1360 1961 1430 villa
1984 1374 2273 1451 quartam
2301 1365 2350 1434 1.
2409 1364 2474 1430 ln
2530 1361 2732 1432 brolio

470 1471 820 1555 Monbleni,
859 1487 1146 1563 quartam
1203 1477 1252 1544 1.
1299 1478 1365 1543 ln
1408 1473 1731 1556 Canoboo,
1780 1473 2088 1568 unc[iam]
2135 1480 2182 1547 Ι.
2248 1479 2314 1545 ln
2355 1474 2728 1548 Domiciaco

469 1604 763 1677 quartam
804 1591 852 1657 1.
892 1592 957 1657 In
1002 1591 1152 1659 Abel
1186 1611 1448 1659 mansos
1489 1593 1540 1658 V
1599 1591 1816 1659 absos.
1863 1593 1927 1658 ln
1986 1587 2323 1680 Sigilariis,
2366 1614 2664 1661 mansum
2707 1595 2731 1661 1

469 1703 726 1772 absum.
772 1705 843 1771 ln
877 1699 1194 1792 Gaugiaco
1224 1701 1549 1772 dimidiam
1574 1703 1916 1774 ecclesiam
1940 1726 2132 1793 super
2154 1707 2417 1774 fluvium
2446 1704 2724 1777 Bonoiae.

471 1819 541 1885 ln
600 1819 802 1887 Bocas
860 1816 1257 1901 mansiones„
1302 1820 1701 1899 mansum1;
1761 1815 1824 1886 in
1881 1822 2205 1900 Lauriaco,
2276 1818 2617 1890 ecclesiam
2676 1824 2725 1905 1,

471 1952 740 2000 mansos
781 1934 899 2013 V1;
961 1935 1023 2000 in
1087 1929 1446 2001 Sutriniaco
1505 1954 1799 2000 mansum
1841 1933 1865 2000 I
1906 1954 2050 2001 cum
2107 1933 2409 2017 ecclesia,
2462 1949 2525 2005 et
2566 1933 2734 2004 inter

473 2040 766 2133 Ligerum
800 2054 861 2112 et
892 2040 1260 2133 Ligeritum,
1295 2065 1406 2134 per
1432 2041 1950 2133 deprecationem
1978 2046 2322 2133 Lamberti,
2353 2068 2648 2115 mansum
2677 2048 2726 2114 1.

473 2156 664 2225 Dedit
707 2169 1009 2247 praeterea
1053 2157 1311 2246 quidam
1334 2158 1426 2226 vir
1450 2154 1707 2237 nobilis,
1736 2156 1995 2228 nomine
2017 2156 2344 2245 vivianus,
2373 2171 2731 2250 praetaxatae

472 2266 771 2338 ecclesiae
823 2271 1135 2339 moderno
1194 2282 1486 2360 tempore
1548 2271 1612 2338 in
1671 2267 1811 2358 ipso
1854 2291 2017 2361 pago
2039 2273 2294 2340 alodum
2333 2293 2444 2360 per
2476 2271 2726 2343 diversa

474 2384 614 2452 loca
654 2380 959 2471 positum,
1002 2385 1126 2452 hoc
1151 2395 1253 2454 est
1291 2382 1354 2451 in
1389 2380 1729 2463 Baridono,
1776 2405 1923 2452 cum
1966 2382 2169 2453 brolio
2200 2397 2263 2454 et
2296 2397 2458 2455 terra
2477 2383 2724 2468 arabili,

472 2493 630 2566 etin
675 2493 801 2565 alio
841 2498 983 2565 loco
1025 2494 1130 2585 qui
1165 2495 1397 2565 dicitur
1445 2500 1697 2565 Mansus
1737 2497 2019 2578 Meraldi,
2062 2499 2222 2586 [cum
2277 2509 2438 2567 terra
2507 2497 2724 2568 arabili

472 2622 539 2678 et
577 2608 964 2678 casualibus.
1002 2612 1159 2679 Item
1195 2612 1488 2699 quaedam
1531 2608 1913 2680 venerabilis
1945 2623 2258 2691 matrona,
2293 2611 2553 2681 nomine
2587 2611 2725 2681 Gir-

477 2725 693 2813 berga,
735 2723 994 2793 alodum
1044 2722 1109 2793 in
1162 2724 1391 2795 eodem
1452 2745 1638 2814 pago,
1706 2721 1919 2793 villam
1960 2746 2102 2815 quae
2159 2735 2424 2794 vocatur
2460 2727 2725 2796 Gavasia

472 2858 619 2907 cum
655 2850 819 2906 terra
851 2836 1070 2907 arabili
1103 2851 1165 2908 et
1197 2835 1425 2919 brolio,
1456 2850 1518 2907 et
1549 2836 1611 2906 in
1652 2836 1777 2907 alio
1808 2839 1977 2922 loco,
2021 2837 2084 2906 in
2112 2839 2260 2908 villa
2291 2861 2433 2929 quae
2460 2852 2726 2910 vocatur

470 2949 800 3032 SuriacuS,
868 2964 1099 3020 terram
1149 2950 1479 3032 arabilem,
1537 2973 1682 3021 cum
1735 2953 1935 3041 pratis
1993 2964 2057 3021 et
2122 2953 2281 3022 silva
2342 2955 2720 3042 glandifera.

468 3068 626 3134 Item
665 3063 730 3133 in
774 3088 934 3155 pago
972 3067 1377 3146 carnotensi,
1412 3078 1700 3154 quartam
1731 3080 1975 3156 partem
2006 3067 2085 3135 de
2117 3068 2263 3136 villa
2293 3090 2437 3157 quae
2463 3081 2726 3138 vocatur

464 3176 714 3248 Judeis.
785 3178 974 3248 Dedit
1045 3178 1258 3268 itaque
1310 3175 1572 3269 quidam
1642 3178 1904 3250 nomine
1957 3179 2326 3260 walterius,
2398 3184 2724 3271 quondam

469 3293 798 3374 HebraeuS,
858 3306 1076 3383 postea
1150 3314 1299 3362 vero
1365 3291 1781 3374 christianus,
1843 3294 2132 3362 clausum
2208 3317 2406 3385 prope
2465 3318 2718 3366 murum

470 3405 826 3475 Aurelianis
866 3405 1147 3476 civitatis
1188 3404 1488 3475 fratribus
1529 3410 1778 3476 Sanctae
1804 3406 2024 3476 Crucis
2064 3409 2456 3492 habendum,
2492 3433 2724 3500 magno

473 3518 687 3608 precio
723 3533 1011 3610 emptum
1066 3543 1100 3589 a
1160 3518 1494 3589 monacbis
1534 3518 1748 3589 Sancti
1806 3520 2158 3591 Benedicti.
2213 3525 2373 3592 Item
2432 3527 2722 3613 quaedam

471 3646 783 3716 matrona,
820 3631 884 3701 in
942 3635 1169 3704 eodem
1207 3655 1394 3724 page,
1448 3635 1706 3703 alodum
1757 3631 1819 3701 in
1885 3634 2030 3704 villa
2078 3658 2218 3724 quae
2271 3635 2506 3706 dicitur
2543 3639 2726 3708 Savi-

472 3746 719 3829 niacuS,
799 3770 944 3816 cum
1022 3746 1226 3818 vineis
1297 3762 1360 3817 et
1428 3746 1611 3817 terris
1664 3746 2034 3819 arabilibus,
2125 3754 2461 3822 Memorata
2533 3752 2724 3843 igitur

479 3860 889 3943 monasteria,
932 3864 1128 3931 cellas
1192 3873 1258 3930 et
1317 3860 1500 3931 villas
1562 3884 1706 3931 cum
1758 3864 1993 3947 alodia,
2035 3874 2206 3934 etc...
2271 3868 2396 3956 (Le
2446 3877 2603 3937 reste
2658 3891 2724 3938 se

448 3980 768 4065 pom-suit
806 3999 1042 4045 comme
1079 3981 1147 4046 la
1182 3977 1281 4045 ch.
1327 3977 1652 4054 XXXIX,
1690 3999 1760 4066 p.
1829 3978 1912 4045 85
1967 3979 2013 4046 l.
2072 3978 2178 4064 10)
2230 4032 2363 4050 .....
2418 3981 2496 4072 (l.
2543 3984 2622 4049 27
2669 3985 2717 4072 ε)

477 4090 882 4182 praecipimus
938 4105 1006 4160 ut
1072 4092 1285 4159 nullus
1343 4112 1588 4171 comer„
1657 4092 1870 4159 nullus
1934 4088 2318 4175 vicecome8‚
2373 4103 2545 4163 etc...
2601 4096 2722 4186 (La

471 4209 644 4296 copie
678 4207 1119 4294 s'interrompt
1156 4193 1293 4274 aiax
1329 4214 1491 4274 moes
1531 4224 1645 4272 seu
1687 4200 1980 4272 tarditate
2010 4211 2100 4293 (p.
2138 4207 2223 4275 84
2271 4209 2317 4277 l.
2354 4210 2489 4297 22).
