3485 5571
1844 680 2196 746 -446-

1840 1083 2198 1147 CCCXXXII

1686 1383 1770 1446 24
1810 1383 2162 1449 decembre
2188 1383 2349 1449 1276

1069 1638 1367 1704 Quittance
1396 1655 1467 1693 au
1495 1639 1745 1710 chapitre
1773 1655 1874 1710 par
1903 1638 2078 1694 Henri
2105 1638 2182 1692 du
2209 1638 2311 1693 Pin
2342 1638 2411 1693 de
2443 1635 2733 1693 1001ivree
2763 1634 2966 1709 parisis

1442 1749 1544 1790 sur
1569 1736 1623 1791 la
1653 1739 1818 1790 vente
1854 1734 1923 1790 de
1950 1734 2005 1789 la
2033 1732 2184 1789 dlme
2213 1732 2284 1789 de
2311 1732 2592 1791 chandre.

1348 1880 1528 1952 (Orig.
1559 1898 1604 1936 s·
1639 1881 1832 1952 parch.
1866 1881 2034 1937 Arch.
2075 1879 2154 1936 du
2182 1880 2390 1950 Loiret,
2423 1881 2488 1935 G.
2529 1878 2678 1941 376).

978 2094 1304 2168 Universis
1357 2112 1692 2189 presentes
1732 2100 1976 2170 litteras
2015 2096 2432 2190 inspecturis,
2462 2097 2754 2169 officialis
2793 2095 2966 2169 curie
3014 2101 3120 2167 Au-

893 2208 1274 2282 relianensis
1323 2213 1595 2283 salutem
1637 2210 1701 2281 in
1751 2210 2050 2282 Domino.
2093 2211 2406 2283 Noveritis
2445 2214 2617 2302 quod
2654 2210 2718 2281 in
2750 2226 2964 2283 nostra
2994 2233 3120 2303 prc-

891 2322 1096 2395 sentia
1136 2323 1528 2397 constitutus
1562 2327 1875 2396 Henricus
1901 2326 1980 2396 de
2017 2324 2202 2411 Pinu,
2232 2322 2637 2406 domicelluS,
2674 2326 3008 2395 consessus
3031 2337 3120 2394 cst

887 2460 1101 2510 coram
1151 2438 1340 2509 nobis
1390 2438 1451 2508 in
1486 2442 1629 2530 jure
1674 2439 1845 2511 viros
1886 2441 2286 2510 venerabiles
2338 2441 2654 2510 decanum
2685 2453 2747 2509 et
2787 2438 3116 2529 capitulum

888 2549 1163 2623 ecclesie
1207 2555 1687 2626 Aurelianensis
1745 2552 2087 2625 tradidisse
2142 2556 2419 2624 Johanni
2463 2550 2788 2639 Petitbon,
2835 2548 3119 2643 burgensi

887 2665 1208 2752 Blesensi‚
1264 2689 1377 2758 pro
1441 2668 1582 2759 ipso
1638 2670 1939 2754 Henrico‚
2007 2666 2338 2759 ipsiusque
2378 2666 2639 2739 nomine
2692 2681 2757 2737 et
2811 2668 3118 2746 mandato,

888 2794 1146 2853 centum
1189 2783 1385 2853 libras
1426 2781 1881 2874 parisiensium
1930 2783 2008 2854 de
2048 2806 2300 2854 summa
2351 2805 2541 2873 quam
2605 2779 2812 2853 eidem
2869 2775 3116 2851 Henrico

890 2907 953 2966 et
1006 2898 1148 2986 ejus
1189 2895 1316 2967 filio
1361 2897 1682 2968 debebant
1738 2897 1932 2969 iidem
1974 2901 2258 2969 decanus
2306 2911 2369 2968 et
2409 2897 2759 2988 capitulum
2812 2918 2885 2966 ex
2924 2893 3117 2965 vendi·

888 3006 1063 3080 tione
1095 3009 1345 3082 decime
1381 3012 1460 3083 de
1492 3011 1848 3085 Chaudreio
1889 3011 2014 3082 sibi
2054 3013 2134 3082 ab
2174 3011 2417 3083 eisdem
2461 3023 2636 3103 patre
2675 3024 2740 3080 et
2779 3010 2909 3080 filio
2947 3009 3110 3091 facta,

888 3137 951 3196 et
992 3121 1200 3195 dictos
1249 3125 1564 3196 decanum
1615 3139 1680 3196 et
1728 3125 2076 3217 capitulum
2120 3121 2197 3197 de
2238 3126 2430 3197 dictis
2470 3139 2729 3195 centum
2774 3119 2949 3193 libris
2992 3119 3111 3213 qui·

892 3236 1045 3309 tavit
1097 3235 1161 3307 in
1216 3251 1592 3330 perpetuum
1653 3240 1863 3310 dictus
1921 3240 2253 3322 Henricus,
2298 3237 2559 3310 nomine
2600 3260 2717 3309 suo
2766 3252 2832 3309 et
2865 3233 2973 3306 filii
3031 3233 3112 3304 sui

892 3350 1186 3443 predicti,
1249 3362 1314 3423 et
1374 3351 1666 3444 promisit
1717 3353 1930 3424 dictus
1971 3351 2281 3424 Henricus
2345 3375 2456 3444 per
2505 3353 2692 3422 sidem
2736 3374 2912 3422 suam
2963 3347 3112 3440 quod

892 3463 1101 3536 dictus
1132 3463 1300 3536 filius
1340 3490 1495 3538 suus
1536 3466 1933 3538 solucionem
1968 3469 2321 3560 predictam
2354 3479 2550 3538 ratam
2584 3467 2845 3536 habebit
2872 3474 2935 3535 et
2963 3459 3110 3554 quod

892 3594 1111 3651 contra
1162 3577 1394 3652 dictam
1434 3580 1896 3672 quittacionem
1952 3604 2078 3652 non
2123 3579 2378 3652 venient
2419 3578 2572 3651 dicti
2635 3592 2818 3671 pater
2855 3591 2919 3649 et
2966 3577 3109 3645 filius

888 3695 952 3764 in
1005 3698 1313 3779 futurum,
1355 3695 1647 3786 obligans
1699 3699 1779 3766 ad
1819 3699 1940 3766 hoc
2001 3694 2214 3767 dictus
2271 3692 2579 3766 Henricus
2624 3716 2694 3764 se
2748 3708 2815 3764 et
2869 3690 3112 3762 heredes

894 3831 1049 3879 suos
1079 3821 1143 3879 et
1180 3813 1399 3880 omnia
1449 3812 1613 3880 bona
1656 3833 1771 3880 sua
1800 3811 2013 3880 habita
2048 3823 2112 3881 et
2164 3809 2482 3880 habenda.
2529 3813 2760 3879 Datum
2811 3829 2970 3878 anno
3005 3808 3110 3874 Do·

787 3949 792 3958 ¹
893 3921 1049 3992 mini
1082 3919 1387 3994 Mc'ctxx
1412 3939 1614 4007 sexto,
1660 3923 1763 3995 dic
1786 3923 1955 4014 jovis
1991 3924 2058 3993 in
2087 3921 2297 4016 vigilia
2334 3920 2689 3996 Nativitatis
2719 3917 2987 3994 Domini.

2642 4039 2908 4107 Tuoms,
