3485 5571
1400 642 1761 706 -273-

1413 1071 1771 1133 CLXXXIII

1372 1375 1595 1437 suillet
1626 1372 1785 1436 1219

445 1628 728 1684 Sentence
773 1625 1039 1682 arbitrale
1082 1625 1152 1682 de
1194 1626 1442 1698 l'eveque
1487 1625 1766 1697 Manasse,
1806 1623 2068 1680 decidant
2112 1641 2224 1697 que
2269 1626 2325 1680 la
2375 1625 2696 1682 Cour-Dieu

523 1723 742 1786 n’anra,
766 1722 907 1778 dans
935 1723 1018 1779 les
1052 1722 1177 1779 bois
1205 1723 1275 1778 de
1302 1722 1639 1793 Planquine‚
1679 1737 1793 1794 que
1822 1722 1876 1777 le
1903 1737 2120 1793 panage
2148 1722 2219 1776 de
2247 1720 2319 1778 80
2348 1738 2532 1793 poros,
2562 1723 2708 1779 mais

521 1835 702 1889 usage
727 1835 874 1891 pour
892 1834 982 1875 ses
1006 1819 1249 1875 maisons
1278 1818 1418 1875 dans
1448 1823 1575 1874 tous
1601 1818 1687 1873 les
1716 1818 1840 1873 bois
1869 1817 1948 1873 du
1969 1817 2224 1889 chapitre
2254 1823 2417 1874 entre
2444 1819 2637 1876 Lorris
2653 1820 2715 1874 et

521 1916 839 1973 Cercottes.

956 2037 1132 2109 (Orig.
1173 2051 1274 2092 sur
1301 2037 1497 2107 parch.
1527 2035 1700 2092 Arch.
1733 2034 1811 2091 du
1835 2034 2043 2106 Loiret‚
2078 2036 2173 2105 G.)

541 2255 892 2337 Nanassos,
927 2254 1047 2324 Dei
1086 2251 1283 2344 gratia
1316 2251 1793 2324 Aurelianensis
1820 2254 2191 2345 episcopuS,
2221 2253 2538 2325 universis
2566 2277 2711 2346 pre-

445 2380 677 2437 sentes
736 2368 985 2438 litteras
1018 2364 1412 2457 inspecturis
1451 2368 1724 2437 salutem
1763 2365 1828 2436 in
1879 2365 2184 2438 Domino.
2238 2366 2540 2439 Noverint
2573 2367 2714 2439 uni-

438 2481 622 2551 versi
655 2482 826 2570 quod
881 2503 1028 2551 cum
1092 2480 1259 2551 inter
1315 2478 1589 2551 dilectos
1633 2478 1801 2550 filios
1845 2483 2141 2552 abbatem
2197 2494 2262 2552 et
2313 2496 2705 2553 conventum

440 2592 816 2677 Curie-Dei,
854 2616 929 2665 ex
986 2617 1111 2665 una
1171 2608 1378 2687 parte,
1424 2608 1487 2666 et
1538 2596 1856 2665 decanum
1917 2608 1982 2665 et
2022 2594 2370 2687 capitulum
2428 2595 2709 2668 Aurelia-

438 2730 680 2793 nense,
724 2730 798 2778 ex
828 2710 1048 2792 altera,
1092 2720 1444 2779 verteretur
1480 2709 1811 2779 contentio
1840 2731 2036 2801 super
2058 2708 2324 2801 usuagio
2363 2712 2533 2801 quod
2564 2733 2712 2803 pre-

440 2820 605 2893 dicti
645 2824 846 2893 abbas
874 2835 938 2894 et
960 2837 1318 2894 conventus
1362 2820 1424 2891 in
1457 2821 1706 2893 cunctis
1735 2821 2109 2894 nemoribus
2136 2825 2400 2915 capituli
2422 2823 2578 2896 citra
2606 2826 2707 2896 Li-

438 2933 649 3025 gerim
706 2933 873 3005 inter
912 2933 1273 3005 Lorriacum
1315 2948 1379 3005 et
1432 2939 1729 3005 Sarcotes
1772 2937 2205 3006 reclamabant
2272 2959 2292 3021 ;
2336 2940 2595 3009 tandem
2635 2937 2700 3008 in

438 3070 568 3120 nos
607 3061 882 3139 utraque
924 3071 1071 3141 pars
1111 3047 1579 3140 compromisit,
1628 3048 2009 3140 promittens
2050 3052 2171 3120 sub
2234 3073 2395 3141 pena
2436 3066 2698 3123 centum

436 3161 751 3233 librarum
800 3185 962 3253 quas
1001 3162 1489 3254 manucepimus
1528 3164 1607 3233 ad
1667 3162 2054 3255 peticionem
2107 3164 2440 3256 utriusque
2500 3166 2697 3257 partis

433 3279 613 3368 quod
656 3278 900 3347 dictum
936 3291 1227 3349 nostrum
1266 3292 1330 3348 et
1379 3276 1850 3349 ordinationem
1891 3293 2176 3350 nostram
2229 3302 2425 3371 super
2464 3284 2586 3352 hoc
2626 3280 2692 3351 in

433 3388 745 3461 omnibus
784 3404 849 3461 et
899 3413 1010 3483 per
1052 3389 1264 3463 omnia
1318 3390 1583 3463 firmiter
1614 3394 2008 3465 observaret.
2050 3396 2179 3464 Nos
2220 3391 2411 3484 igitur
2449 3393 2690 3465 dictum

431 3518 736 3576 nostrum
775 3517 841 3575 et
892 3506 1359 3576 ordinationem
1402 3519 1684 3577 nostram
1756 3505 2138 3597 protulimus
2201 3505 2265 3575 in
2328 3510 2501 3578 hunc
2551 3530 2692 3579 mo·

432 3621 621 3703 dum,
679 3617 978 3690 videlicet
1015 3622 1187 3710 quod
1225 3621 1426 3690 abbas
1464 3631 1530 3690 et
1571 3633 1930 3691 conventus
1971 3622 2402 3711 prenominati
2440 3625 2686 3693 nullum

433 3731 782 3824 usuagium
817 3732 1147 3823 nichilque
1179 3735 1346 3824 juris
1389 3732 1454 3802 in
1485 3732 1857 3804 nemoribus
1894 3731 2156 3825 capituli
2197 3737 2277 3805 de
2318 3738 2686 3826 Planquena

434 3861 744 3939 poterunt
787 3851 1158 3934 reclamare,
1199 3851 1321 3920 hoc
1358 3861 1624 3940 excepto
1657 3850 1829 3938 quod
1866 3850 1945 3918 ad
1999 3849 2295 3938 glandem
2359 3853 2685 3942 octoginta

433 3983 676 4052 porcos
704 3959 765 4031 in
795 3961 1041 4033 eisdem
1092 3965 1328 4033 habere
1359 3974 1661 4054 poterunt
1698 3974 1763 4032 et
1793 3974 2034 4033 tenere.
2087 3961 2553 4035 Nichilominus
2592 3977 2688 4036 ta-

431 4098 587 4147 men
626 4074 974 4167 capitulum
1015 4099 1277 4148 nemora
1307 4075 1412 4146 illa
1460 4077 1735 4147 vendere
1778 4077 2033 4168 poterit,
2071 4076 2353 4170 obligare
2386 4092 2450 4150 et
2493 4078 2687 4150 extir-

433 4211 592 4282 pare
622 4201 690 4260 et
726 4191 806 4261 de
835 4189 1080 4262 eisdem
1110 4213 1290 4261 suam
1324 4213 1437 4282 per
1473 4188 1688 4262 omnia
1739 4193 1949 4261 facere
1989 4194 2409 4263 voluntatem.
2450 4197 2686 4265 Pasna-

434 4303 616 4396 gium
657 4302 849 4390 etiam
890 4308 1165 4376 vendere
1206 4307 1464 4397 poterit,
1514 4307 1690 4375 salvo
1721 4318 1933 4376 tamen
1975 4307 2308 4378 monachis
2360 4310 2484 4378 hoc
2515 4312 2684 4399 quod

435 4420 518 4489 de
577 4416 902 4509 octoginta
941 4420 1153 4510 porcis
1195 4418 1491 4511 superius
1548 4430 1649 4489 est
1700 4441 2100 4510 expressum.
2161 4424 2231 4490 In
2271 4421 2502 4493 ceteris
2537 4446 2688 4495 vero

435 4530 698 4602 cunctis
726 4533 1100 4604 nemoribus
1150 4530 1309 4603 citra
1359 4530 1631 4623 Ligerim
1682 4533 1851 4603 inter
1883 4531 2248 4604 Lorriacum
2292 4549 2355 4605 et
2396 4540 2693 4609 Sarcotes

436 4643 839 4731 constitutis,
879 4668 1005 4738 que
1066 4659 1219 4716 sunt
1263 4643 1522 4737 capituli
1571 4648 1642 4714 in
1684 4645 1994 4736 presenti,
2052 4648 2325 4737 predicti
2372 4651 2573 4721 abbas
2633 4664 2698 4720 et

622 4789 765 4843 utu.
806 4800 948 4856 xxa.
2385 4788 2454 4846 18
