3485 5571
1730 679 2093 743 ..250-

785 812 1044 882 tandam
1117 822 1331 879 autem
1374 813 1647 880 eandem
1704 807 1957 879 vineam
1986 821 2050 879 et
2108 810 2186 879 ad
2245 828 2386 878 eam
2435 808 2799 893 colendam,
2859 829 3042 878 anno

789 923 995 1016 primo
1071 920 1488 1013 quadraginta
1535 922 1780 993 solidos
1822 926 2078 993 Petrum
2123 920 2290 1013 juvit
2319 922 2674 992 canonicus
2702 924 3037 1003 eumdem,

784 1060 957 1109 anno
1019 1028 1305 1108 seeundo
1357 1038 1727 1127 quindecim
1769 1035 2038 1117 solidos,
2071 1058 2241 1107 anno
2272 1057 2527 1126 quoque
2564 1034 2763 1106 tercio
2797 1034 3045 1105 solidos

783 1150 1156 1243 quindecim
1197 1150 1491 1221 similiter
1528 1152 1889 1242 adjuturus.
1930 1154 2062 1221 Hoc
2100 1163 2316 1220 tamen
2383 1147 2774 1221 conditionis
2845 1148 3048 1221 inter-

787 1265 995 1358 posito
1048 1267 1245 1355 quod,
1297 1267 1353 1336 si
1416 1269 1639 1336 Petrus
1700 1277 1852 1337 ante
1911 1267 2148 1335 festum
2206 1262 2562 1335 decesserit
2582 1278 3040 1351 memoratum,

788 1395 920 1451 tum
961 1382 1042 1451 de
1073 1378 1478 1452 facultatibus
1506 1379 1638 1450 suis
1664 1378 1984 1469 relinquet
2012 1377 2282 1449 liberum
2314 1381 2486 1468 quod
2524 1379 2600 1449 ad
2625 1380 3046 1468 plantandam

784 1492 1020 1564 dictam
1061 1494 1314 1563 vineam
1357 1506 1420 1562 et
1460 1495 1534 1561 ad
1578 1515 1718 1562 eam
1760 1514 1929 1563 anno
1969 1490 2174 1582 primo
2239 1490 2516 1562 sufficiet
2568 1492 2782 1567 modis
2832 1490 3048 1562 omni-

784 1610 905 1676 bus
946 1607 1387 1689 excolendam,
1447 1628 1615 1676 anno
1665 1607 1953 1676 seeundo
2004 1617 2066 1675 et
2115 1627 2286 1675 anno
2351 1604 2548 1675 tercio
2603 1603 2906 1675 similiter
2959 1607 3043 1675 ad

781 1722 1218 1791 omnimodam
1269 1723 1659 1791 culturarum
1690 1717 1860 1789 illius
1894 1719 2074 1789 vinee
2130 1717 2620 1802 sufficienciam,
2665 1719 2719 1788 si
2757 1718 3037 1788 culturis

783 1832 1015 1904 debitis
1055 1834 1175 1924 ipsi
1207 1831 1391 1904 vinee
1430 1856 1556 1903 non
1596 1831 1907 1924 impensis
1969 1831 2350 1916 decesserit,
2383 1830 2751 1903 relicturus.
2788 1831 2855 1902 Si
2882 1855 3040 1903 vero

782 1946 1133 2019 canonicus
1172 1948 1553 2030 decesserit,
1598 1946 1732 2037 ipsa
1783 1945 1964 2017 vinea
2007 1947 2202 2017 libere
2256 1949 2335 2016 ad
2398 1945 2807 2018 confratriam
2850 1949 3047 2016 deve-

783 2062 914 2134 niat
960 2076 1382 2155 prenotatam.
1442 2063 1690 2153 Elapsis
1729 2074 1944 2132 autem
1988 2060 2290 2152 pretaxati
2351 2061 2605 2133 triennii
2670 2060 3043 2145 curriculis,

782 2175 1136 2248 canonicus
1205 2180 1282 2245 ad
1342 2177 1678 2247 colendam
1756 2176 2005 2246 vineam
2068 2179 2259 2247 Petro
2332 2176 2614 2267 quinque
2680 2174 3045 2246 solidorum

783 2289 1086 2361 auxilium
1129 2289 1339 2374 laciet‚
1373 2289 1697 2360 annuatim
1731 2289 1794 2359 in
1838 2294 2000 2360 testo
2047 2289 2258 2361 Sancti
2298 2289 2502 2359 Albini
2542 2289 2729 2360 annis
2759 2289 3042 2379 singulis

782 2408 1261 2488 solvendorum,
1339 2404 1625 2477 omnium
1694 2408 2014 2475 fructuum
2100 2418 2165 2474 et
2230 2419 2648 2495 proventuum
2741 2406 3043 2494 ejusdem

783 2520 966 2589 vinee
1020 2518 1429 2589 medietatem
1489 2520 1738 2609 integre
1791 2542 2104 2588 annorum
2168 2518 2454 2609 quolibet
2518 2518 2880 2601 babituruS‚
2951 2520 3039 2588 ita

781 2632 1029 2702 scilicet
1070 2635 1237 2722 quod
1275 2654 1588 2722 expensas
1624 2655 1852 2704 omnes
1883 2634 2110 2702 Petrus
2149 2630 2333 2702 annis
2375 2634 2695 2722 persolvet
2756 2629 3036 2721 singulis

779 2749 856 2816 ad
908 2743 1422 2822 vindemiendam
1474 2745 1645 2820 illam
1689 2746 1937 2817 vineam
1978 2748 2184 2818 donec
2250 2743 2312 2816 in
2368 2768 2643 2842 cuppam
2701 2744 2894 2816 delati
2940 2767 3038 2815 ra-

780 2861 1211 2932 cemisuerint
1251 2862 1670 2952 pertinentes,
1716 2861 2037 2931 solutione
2095 2876 2307 2931 tamen
2371 2882 2608 2930 census
2663 2874 2729 2931 et
2779 2859 3036 2930 decime

781 2997 1031 3046 necnon
1073 2989 1136 3045 et
1170 2978 1579 3046 calciatarum
1642 2977 1885 3045 honere
1931 2997 2124 3067 super
2184 2972 2570 3045 canonicum
2612 2987 3018 3044 remanente.

780 3092 909 3160 Hoc
976 3089 1166 3159 etiam
1227 3090 1528 3178 adjuncto
1582 3090 1752 3180 quod
1806 3086 1974 3159 circa
2041 3087 2292 3158 vineam
2346 3087 2740 3178 sepedictam
2802 3090 3034 3157 Petrus

779 3216 1033 3274 tenetur
1060 3205 1341 3295 plantare
1370 3202 1649 3273 srutitem
1685 3204 1834 3295 (sic)
1881 3215 1945 3272 et
1991 3202 2047 3271 ei
2098 3203 2491 3272 sufficienter
2531 3199 2906 3292 impendere
2957 3205 3036 3272 de

780 3316 1033 3408 proprio
1078 3316 1376 3407 quicquid
1420 3320 1698 3407 pertinet
1729 3319 1807 3386 ad
1863 3319 2249 3386 clausuram.
2297 3319 2416 3386 Has
2467 3313 2655 3405 igitur
2697 3315 3035 3404 pactiones

781 3435 1003 3500 Petrus
1061 3453 1131 3500 se
1195 3429 1486 3521 promisit
1527 3433 1652 3500 fide
1723 3429 1984 3520 prestita
2042 3428 2456 3520 corporaliter
2508 3441 2908 3501 servaturum
2973 3443 3035 3500 et

778 3543 1072 3614 similiter
1123 3543 1368 3615 eisdem
1438 3548 1606 3615 bona
1659 3546 1782 3614 tide
1844 3543 2104 3614 firmiter
2143 3544 2561 3614 observandis
2614 3545 3034 3635 fidejussores

776 3657 1160 3749 interposuit
1201 3659 1323 3728 fide
1351 3657 1728 3751 interposita
1772 3657 2172 3748 singulorum
2205 3657 2268 3727 in
2298 3657 2578 3749 presenti
2613 3657 2843 3748 pagina
2879 3682 3030 3751 pro-

777 3772 928 3864 priis
969 3772 1336 3843 nominibus
1400 3772 1803 3864 designatOS,
1877 3771 2124 3842 scilicet
2179 3774 2528 3843 Robertum
2583 3772 3028 3863 Peniparium‚

773 3889 1066 3977 ejusdem
1116 3884 1279 3956 Petri
1324 3889 1737 3969 avunculum,
1780 3890 2140 3957 Johannem
2190 3889 2268 3957 de
2328 3891 2740 3969 Montrosset‚
2791 3886 3031 3957 Tilbal-

774 4003 924 4070 dum
968 4004 1259 4082 Paumer,
1332 4023 1408 4071 eo
1477 4014 1698 4072 tenore
1777 3999 2071 4071 videlicet
2109 4003 2280 4089 quod
2349 3999 2401 4069 si
2447 4001 2719 4093 P[etrus]
2763 4003 3029 4071 eosdem

775 4113 1045 4185 fideliter
1086 4137 1210 4184 non
1253 4114 1683 4185 observaverit
1756 4115 2116 4206 pactioneS‚
2161 4113 2466 4205 quicquid
2511 4113 2772 4205 dampni
2838 4137 3031 4207 super

776 4232 897 4299 hoc
958 4227 1318 4321 provenerit
1381 4227 1628 4319 integre
1698 4227 1756 4300 ei
1817 4228 2157 4300 restituere
2218 4231 2631 4298 tenebuntur.
2715 4232 2905 4315 Quod
2967 4229 3027 4299 in

776 4364 916 4413 mea
971 4347 1203 4413 factum
1266 4341 1588 4433 presentia
1622 4356 1689 4413 ut
1741 4356 1966 4413 notum
2005 4356 2070 4413 et
2108 4341 2336 4413 stabile
2380 4350 2773 4433 perseveret,
2836 4341 3025 4434 sigilli

777 4453 898 4536 mei
968 4457 1341 4528 testimonio
1404 4457 1483 4525 ad
1544 4455 1914 4548 petitionem
1986 4454 2269 4547 parcium
2331 4452 2747 4525 communivi.
2805 4458 3026 4526 Actum

775 4591 945 4638 anno
1026 4568 1483 4640 incarnationis
1556 4567 1878 4640 dominice
1952 4571 2107 4640 MCC
2174 4567 2375 4640 tercio
2433 4567 2711 4655 decimo,
2791 4591 3012 4640 mense

777 4683 1131 4762 novembri.
