3485 5571
1736 1054 2076 1115 ccxxxv!
2088 1055 2107 1114 1

1423 1356 1901 1429 Montenoison‚
1935 1354 2012 1418 28
2043 1371 2222 1417 mars
2255 1354 2411 1418 1235

793 1610 1124 1681 Exemption
1149 1610 1218 1664 de
1246 1613 1359 1681 gne
1387 1609 1655 1666 accordee
1682 1625 1786 1681 par
1813 1609 1953 1681 Gay,
1981 1614 2161 1664 comte
2188 1610 2260 1665 de
2288 1611 2337 1667 N
2342 1625 2497 1666 evers
2527 1617 2582 1665 et
2610 1610 2679 1665 de
2707 1611 2896 1677 Forez,
2930 1627 3039 1667 aux

867 1707 1127 1763 hommes
1151 1706 1229 1761 du
1252 1706 1502 1777 chapitre
1530 1707 1599 1761 de
1630 1706 2015 1763 Sainte·Croix
2042 1707 2140 1777 qui
2168 1705 2422 1762 habitent
2445 1706 2628 1778 Marzy
2657 1713 2711 1762 et
2742 1708 2774 1762 εὶ
2815 1707 2867 1762 la
2896 1712 3045 1762 terre

868 1804 937 1857 de
967 1802 1348 1859 Sainte-Croix
1378 1818 1447 1857 en
1477 1805 1625 1857 cette
1653 1802 1800 1857 villa.

1311 1948 1488 2018 (orig.
1521 1965 1568 2004 s,
1600 1948 1794 2018 parch.
1836 1948 2008 2009 Arch.
2041 1947 2118 2005 du
2159 1948 2370 2019 Loiret,
2419 1948 2513 2018 G.)

883 2195 1015 2282 Ego
1055 2191 1287 2275 Guido,
1320 2213 1540 2265 comes
1576 2188 1990 2262 Nivernensis
2019 2203 2082 2261 et
2110 2189 2522 2275 Forenensis,
2545 2205 2609 2262 et
2640 2213 2761 2282 ego
2791 2194 3051 2262 Mathil-

796 2305 896 2376 dis
936 2303 1292 2387 comitissa,
1345 2327 1500 2375 uxor
1538 2307 1707 2394 ejuS,
1749 2319 1972 2374 notum
2014 2303 2283 2375 facimus
2320 2304 2642 2375 universis
2683 2307 2854 2396 quod
2896 2328 3049 2375 cum

796 2433 1164 2511 peteremus
1203 2422 1442 2509 gistum
1484 2432 1775 2489 nostrum
1815 2420 1893 2488 ab
1934 2417 2304 2489 hominibus
2345 2418 2756 2490 manentibus
2796 2419 2857 2489 in
2900 2418 3046 2490 villa

794 2535 1108 2617 Marziaci,
1154 2531 1274 2603 sita
1315 2535 1380 2602 in
1419 2532 1744 2603 territorio
1780 2531 2181 2618 Nivernensi‚
2223 2556 2368 2616 noS‚
2411 2555 2629 2605 amore
2670 2535 2811 2620 Dei,
2844 2535 3048 2623 pieta-

796 2646 876 2717 tis
929 2646 1195 2729 intuitu,
1256 2668 1510 2716 necnon
1564 2660 1629 2717 et
1683 2647 1768 2716 ob
1825 2644 2180 2717 remedium
2232 2646 2593 2718 animarum
2649 2660 3043 2732 nostrarum,

795 2763 1095 2834 homines
1161 2758 1424 2854 capituli
1472 2763 1703 2832 Sancte
1755 2761 1977 2833 Crucis
2021 2761 2501 2833 Aurelianensis
2557 2762 2622 2831 in
2682 2761 2851 2833 dicta
2900 2762 3046 2832 villa

793 2877 1144 2947 existentes
1196 2891 1259 2947 et
1302 2890 1532 2946 terram
1574 2875 1779 2966 ipsius
1831 2874 2095 2967 capituli
2137 2879 2369 2947 Sancte
2409 2874 2634 2947 Crucis
2675 2899 2710 2948 a
2751 2875 3043 2967 predicto

793 2992 965 3083 gisto
992 3004 1214 3060 nostro
1250 2988 1633 3081 quitavimus
1657 2989 1723 3058 in
1758 2976 2138 3081 perpetuum
2169 3002 2233 3059 et
2256 2989 2607 3080 quitamus‚
2635 2989 3047 3062 liberavimus

794 3119 857 3176 et
896 3104 1270 3188 liberamus,
1313 3107 1402 3175 ita
1433 3107 1604 3194 quod
1646 3127 1793 3188 nos,
1828 3103 2102 3174 heredes
2142 3104 2236 3174 vel
2278 3125 2696 3175 successores
2719 3103 2920 3175 nostri
2961 3109 3042 3176 ab

791 3219 955 3309 ipsis
1013 3215 1380 3287 hominibus
1426 3216 1686 3307 capituli
1729 3221 1964 3288 Sancte
2005 3215 2226 3287 Crucis
2266 3215 2769 3303 Aurelianensis,
2826 3220 2922 3288 vel
2963 3221 3043 3289 ab

794 3329 1140 3404 heredibus
1189 3333 1561 3402 eorumdem
1605 3329 1964 3414 bominum,
2006 3333 2102 3401 vel
2154 3333 2232 3401 ab
2273 3330 2413 3401 aliis
2469 3330 2844 3403 hominibus
2909 3355 3044 3403 me-

794 3443 1020 3516 morati
1059 3442 1315 3536 capituli
1365 3443 1840 3514 Aurelianensis
1878 3446 1949 3515 in
1991 3446 2164 3515 dicta
2207 3443 2347 3515 villa
2383 3443 2663 3516 Marziaci
2719 3445 3042 3517 manenti-

792 3562 939 3641 bus,
984 3557 1118 3630 sive
1166 3561 1356 3628 etiam
1410 3561 1489 3628 ab
1529 3560 1670 3649 ipsa
1711 3572 1876 3628 terra
1940 3556 2148 3648 ipsius
2188 3558 2449 3649 capituli
2505 3582 2630 3629 non
2683 3559 3034 3650 poterimus

794 3673 873 3742 de
905 3685 1121 3742 cetero
1156 3674 1393 3762 gistum
1447 3684 1661 3762 petere
1712 3675 1807 3742 vel
1840 3671 2113 3762 exigere,
2148 3673 2243 3742 vel
2278 3676 2357 3742 ab
2389 3672 2633 3742 eisdem
2670 3672 3038 3743 hominibus

794 3787 874 3856 de
914 3799 1154 3868 cetero,
1187 3790 1435 3856 ratione
1466 3785 1643 3877 gisti‚
1679 3785 1917 3876 aliquid
1950 3800 2351 3876 extorquere.
2396 3789 2465 3856 ln
2506 3790 2694 3877 cujus
2734 3791 2829 3858 rei
2863 3789 3043 3859 testi-

795 3897 1081 3968 monium
1134 3913 1197 3969 et
1258 3898 1587 3969 munimen
1650 3915 1986 3988 presentes
2046 3898 2288 3970 litteras
2348 3901 2627 3970 fecimus
2682 3898 3036 3990 sigillorum

796 4027 1160 4084 nostrorum
1202 4012 1557 4083 munimine
1593 4012 1904 4084 roborari.
1941 4017 2169 4083 Datum
2196 4016 2364 4105 apud
2400 4018 2674 4084 Montem
2706 4012 3026 4097 Onisium‚

793 4149 961 4196 anno
991 4126 1242 4197 Domini
1285 4129 1437 4197 MCC
1479 4125 1807 4197 tricesimo
1846 4141 2098 4217 quarto,
2156 4150 2378 4198 mense
2418 4130 2677 4210 martio,
2721 4126 2825 4198 die
2878 4151 3036 4199 mer-

796 4238 953 4313 curii
1007 4240 1288 4342 proxima
1317 4254 1464 4311 ante
1493 4245 1734 4312 Pascha
1765 4239 2087 4316 floridum.
