3485 5571
1402 686 1761 752 -425—

442 817 624 886 dem.
655 817 963 888 Volumus
1002 827 1213 888 autem
1258 828 1323 887 et
1361 818 1783 887 concedimus
1822 818 1990 908 quod
2025 814 2180 888 dicti
2210 815 2427 887 arbitri
2469 816 2687 909 inqui-

438 943 590 1002 rant
624 933 702 1002 de
733 931 907 1003 omni
939 954 1059 1002 usu
1090 944 1154 1002 et
1189 934 1267 1001 de
1304 929 1605 1002 omnibus
1633 929 1777 1002 aliis
1806 953 1929 1021 que
1970 930 2210 1001 faciunt
2247 934 2325 1002 ad
2367 932 2693 1022 probatio-

445 1069 598 1117 nem
641 1044 878 1117 saisine
935 1044 1194 1137 justicie
1253 1044 1540 1138 predicte
1594 1043 1896 1116 violentie
1949 1059 2013 1116 et
2046 1044 2379 1136 sanguinis
2419 1045 2567 1117 ville
2617 1049 2698 1118 de

443 1161 746 1243 Noemio,
780 1173 843 1231 et
883 1158 971 1229 illi
1025 1157 1185 1252 parti
1233 1181 1357 1250 que
1396 1158 1628 1230 melius
1659 1160 2019 1251 probaverit
2058 1157 2482 1231 intentionem
2516 1184 2697 1231 suam

447 1289 755 1365 quantum
800 1276 877 1344 ad
911 1273 1214 1345 saisinam
1262 1297 1297 1344 a
1336 1274 1535 1345 dictis
1579 1274 1839 1344 arbitris
1879 1271 2118 1344 saisina
2158 1273 2589 1365 adjudicetur.
2628 1278 2696 1346 ln

448 1392 634 1480 cujus
672 1391 766 1459 rei
812 1390 1186 1460 memoriam
1223 1402 1287 1459 et
1325 1387 1765 1459 testimonium
1818 1401 2156 1480 presentes
2202 1388 2453 1459 litteras
2494 1389 2696 1460 nostri

448 1501 643 1594 sigilli
684 1501 1040 1574 munimine
1081 1501 1350 1574 lecimus
1382 1503 1692 1574 roborari.
1737 1508 1974 1575 Datum
2018 1502 2328 1587 Parisius‚
2368 1526 2538 1574 anno
2574 1508 2700 1575 Do-

448 1616 610 1686 mini
652 1616 995 1689 millesimo
1052 1616 1498 1688 ducentesimo
1554 1619 1955 1709 sexagesimo
2002 1619 2316 1701 secundo,
2380 1616 2484 1688 die
2531 1617 2699 1709 jovis

442 1729 515 1801 in
555 1732 723 1803 sesto
757 1734 1058 1803 cathedre
1088 1730 1254 1803 beati
1282 1731 1474 1804 Petri.

1435 2121 1711 2184 CCCXVl

1286 2395 1366 2457 1“
1399 2393 1664 2475 janvier
1699 2391 1860 2456 1264

966 2622 1332 2693 Prorogation
1362 2621 1437 2678 du
1467 2620 1808 2693 compr-omis
1848 2620 2170 2694 precedent.

874 2768 1052 2840 (Or-ig.
1099 2787 1147 2825 s,
1195 2769 1386 2841 parch.
1429 2769 1600 2824 Arch.
1652 2767 1729 2824 du
1776 2767 1985 2838 Loiret,
2030 2767 2097 2823 G.
2140 2767 2267 2837 356)

538 3040 673 3057 .....
703 2987 856 3067 (Ch.
894 2987 1456 3075 CCCXVII).....
1506 2990 1737 3057 Datum
1777 3008 1946 3056 anno
1982 2983 2238 3056 Domini
2280 2987 2533 3055 ,ttcctx
2572 2997 2697 3055 ter-

440 3099 572 3183 cio,
619 3101 722 3171 die
750 3098 970 3170 martis
997 3112 1140 3191 post
1164 3097 1566 3171 Nativitatem
1605 3096 1892 3170 Domini.

1422 3486 1728 3550 CCCXVII

1365 3769 1534 3832 Mars
1613 3768 1773 3831 1264

1033 3996 1213 4053 Autre
1238 3995 1600 4068 prorogation
1625 3994 1699 4049 du
1730 3996 1915 4050 meme
1946 4000 2086 4052 acte.

902 4141 1080 4213 (Or-ig.
1115 4158 1162 4197 s,
1195 4141 1388 4213 purch.
1419 4141 1588 4198 Arch.
1627 4141 1703 4196 du
1733 4141 1941 4211 Lolret,
1976 4140 2039 4196 G.
2073 4140 2224 4208 356).

538 4415 671 4432 .....
737 4363 900 4453 (Ch.
971 4361 1432 4450 CCCXV).....
1490 4359 1955 4430 arbitrandum.
2017 4359 2137 4445 Qui
2211 4356 2432 4429 arbitri
2498 4382 2687 4429 suum

444 4479 682 4549 debent
718 4479 999 4568 prolerre
1038 4474 1368 4546 arbitrium
1408 4474 1567 4545 int'ra
1607 4474 1995 4565 quindenam
2026 4471 2507 4545 Rexurectionis
2547 4477 2683 4545 Do-

442 4590 597 4661 mini
661 4589 947 4682 proximo
1024 4603 1379 4661 venturam.
1453 4590 1764 4660 Volumus
1812 4604 2171 4660 autemm..
2244 4593 2468 4659 Actum
2519 4610 2688 4659 anno

444 4704 698 4779 Domini
727 4708 982 4779 MCCLX
1009 4703 1235 4791 tercio,
1277 4726 1500 4777 mense
1528 4702 1791 4774 marcio.
