<?xml version="1.0" encoding="UTF-8"?>
<!DOCTYPE html PUBLIC "-//W3C//DTD XHTML 1.0 Transitional//EN"
    "http://www.w3.org/TR/xhtml1/DTD/xhtml1-transitional.dtd">
<html xmlns="http://www.w3.org/1999/xhtml" xml:lang="en" lang="en">
 <head>
  <title>
</title>
<meta http-equiv="Content-Type" content="text/html;charset=utf-8" />
  <meta name='ocr-system' content='tesseract 3.04.00' />
  <meta name='ocr-capabilities' content='ocr_page ocr_carea ocr_par ocr_line ocrx_word'/>
</head>
<body>
  <div class='ocr_page' id='page_1' title='image "./cartulairedesai00thilgoog_0701.png"; bbox 0 0 3485 5571; ppageno 0'>
   <div class='ocr_carea' id='block_1_1' title="bbox 955 1008 2195 1132">
    <p class='ocr_par' dir='ltr' id='par_1_1' title="bbox 955 1008 2195 1132">
     <span class='ocr_line' id='line_1_1' title="bbox 955 1008 2195 1132; baseline -0.001 0"><span class='ocrx_word' id='word_1_1' title='bbox 955 1008 2086 1132; x_wconf 81' lang='lat' dir='ltr'>SUPPLEMEN</span> <span class='ocrx_word' id='word_1_2' title='bbox 2097 1029 2195 1131; x_wconf 90' lang='lat' dir='ltr'>T</span> 
     </span>
    </p>
   </div>
   <div class='ocr_carea' id='block_1_2' title="bbox 1382 1773 1762 1835">
    <p class='ocr_par' dir='ltr' id='par_1_2' title="bbox 1382 1773 1762 1835">
     <span class='ocr_line' id='line_1_2' title="bbox 1382 1773 1762 1835; baseline 0 0"><span class='ocrx_word' id='word_1_3' title='bbox 1382 1773 1762 1835; x_wconf 86' lang='lat' dir='ltr'>CCCLXXVI</span> 
     </span>
    </p>
   </div>
   <div class='ocr_carea' id='block_1_3' title="bbox 1490 2080 1654 2160">
    <p class='ocr_par' dir='ltr' id='par_1_3' title="bbox 1490 2080 1654 2160">
     <span class='ocr_line' id='line_1_3' title="bbox 1490 2080 1654 2160; baseline 0 -16"><span class='ocrx_word' id='word_1_4' title='bbox 1490 2080 1654 2160; x_wconf 77' lang='lat'>[956]</span> 
     </span>
    </p>
   </div>
   <div class='ocr_carea' id='block_1_4' title="bbox 448 2356 2698 2525">
    <p class='ocr_par' dir='ltr' id='par_1_4' title="bbox 448 2356 2698 2525">
     <span class='ocr_line' id='line_1_4' title="bbox 448 2356 2698 2430; baseline 0 -17"><span class='ocrx_word' id='word_1_5' title='bbox 448 2357 711 2413; x_wconf 82' lang='lat' dir='ltr'>Lothaire</span> <span class='ocrx_word' id='word_1_6' title='bbox 740 2358 1012 2413; x_wconf 85' lang='lat' dir='ltr'>confirme</span> <span class='ocrx_word' id='word_1_7' title='bbox 1043 2356 1122 2412; x_wconf 88' lang='lat' dir='ltr'>les</span> <span class='ocrx_word' id='word_1_8' title='bbox 1147 2363 1440 2429; x_wconf 84' lang='lat' dir='ltr'>pancartes</span> <span class='ocrx_word' id='word_1_9' title='bbox 1469 2358 1537 2413; x_wconf 90' lang='lat' dir='ltr'>de</span> <span class='ocrx_word' id='word_1_10' title='bbox 1566 2374 1655 2413; x_wconf 90' lang='lat' dir='ltr'>ses</span> <span class='ocrx_word' id='word_1_11' title='bbox 1685 2358 2113 2429; x_wconf 72' lang='lat' dir='ltr'>predecesseurs</span> <span class='ocrx_word' id='word_1_12' title='bbox 2143 2358 2395 2414; x_wconf 82' lang='lat' dir='ltr'>relatives</span> <span class='ocrx_word' id='word_1_13' title='bbox 2424 2375 2530 2413; x_wconf 91' lang='lat' dir='ltr'>aux</span> <span class='ocrx_word' id='word_1_14' title='bbox 2560 2374 2698 2430; x_wconf 88' lang='lat' dir='ltr'>pos-</span> 
     </span>
     <span class='ocr_line' id='line_1_5' title="bbox 733 2453 2406 2525; baseline 0.001 -17"><span class='ocrx_word' id='word_1_15' title='bbox 733 2454 982 2509; x_wconf 87' lang='lat' dir='ltr'>sessions</span> <span class='ocrx_word' id='word_1_16' title='bbox 1012 2458 1068 2508; x_wconf 87' lang='lat' dir='ltr'>et</span> <span class='ocrx_word' id='word_1_17' title='bbox 1090 2455 1123 2508; x_wconf 76' lang='lat' dir='ltr'>a</span> <span class='ocrx_word' id='word_1_18' title='bbox 1151 2453 1486 2509; x_wconf 72' lang='lat' dir='ltr'>l’immunite</span> <span class='ocrx_word' id='word_1_19' title='bbox 1517 2454 1656 2511; x_wconf 85' lang='lat' dir='ltr'>dont</span> <span class='ocrx_word' id='word_1_20' title='bbox 1676 2454 1825 2525; x_wconf 88' lang='lat' dir='ltr'>jouit</span> <span class='ocrx_word' id='word_1_21' title='bbox 1853 2455 2070 2524; x_wconf 77' lang='lat' dir='ltr'>l’eglise</span> <span class='ocrx_word' id='word_1_22' title='bbox 2094 2453 2406 2509; x_wconf 70' lang='lat' dir='ltr'>d’OrleanS.</span> 
     </span>
    </p>
   </div>
   <div class='ocr_carea' id='block_1_5' title="bbox 482 2597 2653 2671">
    <p class='ocr_par' dir='ltr' id='par_1_5' title="bbox 482 2597 2653 2671">
     <span class='ocr_line' id='line_1_6' title="bbox 482 2597 2653 2671; baseline 0.001 -17"><span class='ocrx_word' id='word_1_23' title='bbox 482 2597 683 2670; x_wconf 88' lang='lat' dir='ltr'>(Copie</span> <span class='ocrx_word' id='word_1_24' title='bbox 711 2598 1051 2671; x_wconf 70' lang='lat' dir='ltr'>incomplete</span> <span class='ocrx_word' id='word_1_25' title='bbox 1082 2615 1215 2655; x_wconf 85' lang='lat' dir='ltr'>sous</span> <span class='ocrx_word' id='word_1_26' title='bbox 1240 2601 1294 2655; x_wconf 86' lang='lat' dir='ltr'>la</span> <span class='ocrx_word' id='word_1_27' title='bbox 1323 2599 1448 2655; x_wconf 83' lang='lat' dir='ltr'>date</span> <span class='ocrx_word' id='word_1_28' title='bbox 1473 2598 1598 2655; x_wconf 85' lang='lat'>956.</span> <span class='ocrx_word' id='word_1_29' title='bbox 1628 2600 1750 2655; x_wconf 89' lang='lat' dir='ltr'>Bib.</span> <span class='ocrx_word' id='word_1_30' title='bbox 1784 2599 2100 2669; x_wconf 73' lang='lat' dir='ltr'>d’OrleanS‚</span> <span class='ocrx_word' id='word_1_31' title='bbox 2133 2617 2239 2656; x_wconf 70' lang='lat' dir='ltr'>ma.</span> <span class='ocrx_word' id='word_1_32' title='bbox 2267 2599 2393 2667; x_wconf 86' lang='lat'><strong>552,</strong></span> <span class='ocrx_word' id='word_1_33' title='bbox 2434 2601 2479 2656; x_wconf 74' lang='lat'>1⁰</span> <span class='ocrx_word' id='word_1_34' title='bbox 2504 2600 2653 2671; x_wconf 82' lang='lat'><strong>267).</strong></span> 
     </span>
    </p>
   </div>
   <div class='ocr_carea' id='block_1_6' title="bbox 439 2821 2691 4745">
    <p class='ocr_par' dir='ltr' id='par_1_6' title="bbox 439 2821 2691 4745">
     <span class='ocr_line' id='line_1_7' title="bbox 533 2821 2688 2907; baseline 0 -16"><span class='ocrx_word' id='word_1_35' title='bbox 533 2825 603 2892; x_wconf 91' lang='lat' dir='ltr'>ln</span> <span class='ocrx_word' id='word_1_36' title='bbox 625 2825 885 2893; x_wconf 91' lang='lat' dir='ltr'>nomine</span> <span class='ocrx_word' id='word_1_37' title='bbox 902 2821 1157 2894; x_wconf 89' lang='lat' dir='ltr'>Domini</span> <span class='ocrx_word' id='word_1_38' title='bbox 1173 2821 1292 2894; x_wconf 89' lang='lat' dir='ltr'>Dei</span> <span class='ocrx_word' id='word_1_39' title='bbox 1316 2821 1535 2894; x_wconf 86' lang='lat' dir='ltr'>aeterni</span> <span class='ocrx_word' id='word_1_40' title='bbox 1553 2836 1616 2894; x_wconf 87' lang='lat' dir='ltr'>et</span> <span class='ocrx_word' id='word_1_41' title='bbox 1633 2821 1965 2895; x_wconf 89' lang='lat' dir='ltr'>salvatoris</span> <span class='ocrx_word' id='word_1_42' title='bbox 1986 2823 2193 2892; x_wconf 81' lang='lat' dir='ltr'><strong>nostri</strong></span> <span class='ocrx_word' id='word_1_43' title='bbox 2210 2826 2408 2894; x_wconf 88' lang='lat' dir='ltr'>Jbesu</span> <span class='ocrx_word' id='word_1_44' title='bbox 2427 2821 2688 2907; x_wconf 78' lang='lat' dir='ltr'>Christi,</span> 
     </span>
     <span class='ocr_line' id='line_1_8' title="bbox 444 2934 2691 3027; baseline 0.001 -21"><span class='ocrx_word' id='word_1_45' title='bbox 444 2935 799 3022; x_wconf 85' lang='lat' dir='ltr'>Lotbarius,</span> <span class='ocrx_word' id='word_1_46' title='bbox 845 2934 1282 3009; x_wconf 83' lang='lat' dir='ltr'>misericordia</span> <span class='ocrx_word' id='word_1_47' title='bbox 1321 2937 1435 3008; x_wconf 90' lang='lat' dir='ltr'>Dei</span> <span class='ocrx_word' id='word_1_48' title='bbox 1477 2960 1605 3008; x_wconf 84' lang='lat' dir='ltr'>rex.</span> <span class='ocrx_word' id='word_1_49' title='bbox 1644 2935 1905 3010; x_wconf 84' lang='lat' dir='ltr'>Noverit</span> <span class='ocrx_word' id='word_1_50' title='bbox 1953 2935 2265 3027; x_wconf 75' lang='lat' dir='ltr'>sagacitas</span> <span class='ocrx_word' id='word_1_51' title='bbox 2307 2959 2423 3008; x_wconf 91' lang='lat' dir='ltr'>seu</span> <span class='ocrx_word' id='word_1_52' title='bbox 2454 2935 2691 3008; x_wconf 88' lang='lat' dir='ltr'>utilitas</span> 
     </span>
     <span class='ocr_line' id='line_1_9' title="bbox 444 3050 2688 3143; baseline 0.001 -24"><span class='ocrx_word' id='word_1_53' title='bbox 444 3050 730 3120; x_wconf 89' lang='lat' dir='ltr'>omnium</span> <span class='ocrx_word' id='word_1_54' title='bbox 756 3050 1038 3122; x_wconf 86' lang='lat' dir='ltr'>fidelium</span> <span class='ocrx_word' id='word_1_55' title='bbox 1074 3065 1314 3122; x_wconf 83' lang='lat' dir='ltr'>sanctae</span> <span class='ocrx_word' id='word_1_56' title='bbox 1335 3050 1447 3122; x_wconf 93' lang='lat' dir='ltr'>Dei</span> <span class='ocrx_word' id='word_1_57' title='bbox 1489 3050 1784 3123; x_wconf 73' lang='lat' dir='ltr'>ecclesiae</span> <span class='ocrx_word' id='word_1_58' title='bbox 1822 3065 2319 3142; x_wconf 89' lang='lat' dir='ltr'>nostrorumque</span> <span class='ocrx_word' id='word_1_59' title='bbox 2351 3064 2479 3122; x_wconf 92' lang='lat' dir='ltr'>tam</span> <span class='ocrx_word' id='word_1_60' title='bbox 2528 3075 2688 3143; x_wconf 85' lang='lat' dir='ltr'>prae-</span> 
     </span>
     <span class='ocr_line' id='line_1_10' title="bbox 444 3163 2688 3257; baseline 0.001 -22"><span class='ocrx_word' id='word_1_61' title='bbox 444 3164 723 3235; x_wconf 88' lang='lat' dir='ltr'>sentium</span> <span class='ocrx_word' id='word_1_62' title='bbox 746 3189 932 3256; x_wconf 91' lang='lat' dir='ltr'>quam</span> <span class='ocrx_word' id='word_1_63' title='bbox 960 3169 1318 3238; x_wconf 84' lang='lat' dir='ltr'>futurorum</span> <span class='ocrx_word' id='word_1_64' title='bbox 1346 3168 1657 3251; x_wconf 87' lang='lat' dir='ltr'>sollertia,</span> <span class='ocrx_word' id='word_1_65' title='bbox 1681 3166 1827 3257; x_wconf 89' lang='lat' dir='ltr'>quia</span> <span class='ocrx_word' id='word_1_66' title='bbox 1855 3166 2080 3237; x_wconf 87' lang='lat' dir='ltr'>adiens</span> <span class='ocrx_word' id='word_1_67' title='bbox 2098 3163 2507 3238; x_wconf 75' lang='lat' dir='ltr'>serenitatem</span> <span class='ocrx_word' id='word_1_68' title='bbox 2540 3189 2688 3237; x_wconf 91' lang='lat' dir='ltr'>nos-</span> 
     </span>
     <span class='ocr_line' id='line_1_11' title="bbox 440 3279 2689 3372; baseline 0 -23"><span class='ocrx_word' id='word_1_69' title='bbox 440 3292 601 3349; x_wconf 87' lang='lat' dir='ltr'>tram</span> <span class='ocrx_word' id='word_1_70' title='bbox 659 3281 755 3349; x_wconf 83' lang='lat' dir='ltr'>vir</span> <span class='ocrx_word' id='word_1_71' title='bbox 815 3279 1193 3351; x_wconf 81' lang='lat' dir='ltr'>venerabilis</span> <span class='ocrx_word' id='word_1_72' title='bbox 1230 3284 1631 3366; x_wconf 79' lang='lat' dir='ltr'>ErmenteuS‚</span> <span class='ocrx_word' id='word_1_73' title='bbox 1677 3280 2149 3351; x_wconf 77' lang='lat' dir='ltr'>Aurelianensis</span> <span class='ocrx_word' id='word_1_74' title='bbox 2180 3279 2474 3352; x_wconf 84' lang='lat' dir='ltr'>ecclesiae</span> <span class='ocrx_word' id='word_1_75' title='bbox 2511 3281 2689 3372; x_wconf 90' lang='lat' dir='ltr'>epis-</span> 
     </span>
     <span class='ocr_line' id='line_1_12' title="bbox 444 3392 2689 3485; baseline 0.001 -21"><span class='ocrx_word' id='word_1_76' title='bbox 444 3416 671 3484; x_wconf 84' lang='lat' dir='ltr'>copus,</span> <span class='ocrx_word' id='word_1_77' title='bbox 714 3417 856 3485; x_wconf 86' lang='lat' dir='ltr'>quae</span> <span class='ocrx_word' id='word_1_78' title='bbox 893 3393 960 3463; x_wconf 88' lang='lat' dir='ltr'>in</span> <span class='ocrx_word' id='word_1_79' title='bbox 1000 3399 1243 3465; x_wconf 88' lang='lat' dir='ltr'>honore</span> <span class='ocrx_word' id='word_1_80' title='bbox 1274 3409 1513 3466; x_wconf 82' lang='lat' dir='ltr'>sanctae</span> <span class='ocrx_word' id='word_1_81' title='bbox 1540 3408 1603 3466; x_wconf 93' lang='lat' dir='ltr'>et</span> <span class='ocrx_word' id='word_1_82' title='bbox 1625 3393 1886 3465; x_wconf 82' lang='lat' dir='ltr'>vivificae</span> <span class='ocrx_word' id='word_1_83' title='bbox 1913 3392 2133 3465; x_wconf 83' lang='lat' dir='ltr'>Crucis</span> <span class='ocrx_word' id='word_1_84' title='bbox 2159 3394 2516 3466; x_wconf 84' lang='lat' dir='ltr'>dinoscitur</span> <span class='ocrx_word' id='word_1_85' title='bbox 2542 3419 2689 3467; x_wconf 90' lang='lat' dir='ltr'>esse</span> 
     </span>
     <span class='ocr_line' id='line_1_13' title="bbox 442 3508 2689 3600; baseline 0.002 -23"><span class='ocrx_word' id='word_1_86' title='bbox 442 3520 836 3592; x_wconf 85' lang='lat' dir='ltr'>constructa,</span> <span class='ocrx_word' id='word_1_87' title='bbox 878 3512 945 3579; x_wconf 91' lang='lat' dir='ltr'>in</span> <span class='ocrx_word' id='word_1_88' title='bbox 971 3532 1098 3599; x_wconf 91' lang='lat' dir='ltr'>qua</span> <span class='ocrx_word' id='word_1_89' title='bbox 1122 3508 1315 3581; x_wconf 91' lang='lat' dir='ltr'>etiam</span> <span class='ocrx_word' id='word_1_90' title='bbox 1341 3532 1570 3580; x_wconf 88' lang='lat' dir='ltr'>manus</span> <span class='ocrx_word' id='word_1_91' title='bbox 1598 3511 1860 3580; x_wconf 86' lang='lat' dir='ltr'>Domini</span> <span class='ocrx_word' id='word_1_92' title='bbox 1891 3510 2209 3600; x_wconf 87' lang='lat' dir='ltr'>apparuit,</span> <span class='ocrx_word' id='word_1_93' title='bbox 2242 3512 2475 3580; x_wconf 92' lang='lat' dir='ltr'>obtulit</span> <span class='ocrx_word' id='word_1_94' title='bbox 2505 3514 2689 3581; x_wconf 86' lang='lat' dir='ltr'>obtu-</span> 
     </span>
     <span class='ocr_line' id='line_1_14' title="bbox 442 3620 2686 3714; baseline 0.002 -24"><span class='ocrx_word' id='word_1_95' title='bbox 442 3620 614 3691; x_wconf 91' lang='lat' dir='ltr'>tibus</span> <span class='ocrx_word' id='word_1_96' title='bbox 684 3622 924 3692; x_wconf 89' lang='lat' dir='ltr'>nostris</span> <span class='ocrx_word' id='word_1_97' title='bbox 975 3624 1390 3693; x_wconf 87' lang='lat' dir='ltr'>auctoritates</span> <span class='ocrx_word' id='word_1_98' title='bbox 1427 3625 1976 3714; x_wconf 84' lang='lat' dir='ltr'>praedecessorum</span> <span class='ocrx_word' id='word_1_99' title='bbox 2032 3636 2396 3693; x_wconf 89' lang='lat' dir='ltr'>nostrorum</span> <span class='ocrx_word' id='word_1_100' title='bbox 2464 3645 2686 3714; x_wconf 82' lang='lat' dir='ltr'>regum</span> 
     </span>
     <span class='ocr_line' id='line_1_15' title="bbox 439 3735 2686 3828; baseline 0.001 -22"><span class='ocrx_word' id='word_1_101' title='bbox 439 3748 504 3806; x_wconf 93' lang='lat' dir='ltr'>et</span> <span class='ocrx_word' id='word_1_102' title='bbox 542 3735 994 3825; x_wconf 87' lang='lat' dir='ltr'>imperatorum</span> <span class='ocrx_word' id='word_1_103' title='bbox 1035 3736 1676 3827; x_wconf 82' lang='lat' dir='ltr'>gloriosissimorum,</span> <span class='ocrx_word' id='word_1_104' title='bbox 1717 3759 1862 3828; x_wconf 86' lang='lat' dir='ltr'>quae</span> <span class='ocrx_word' id='word_1_105' title='bbox 1902 3744 2224 3827; x_wconf 85' lang='lat' dir='ltr'>pancartae</span> <span class='ocrx_word' id='word_1_106' title='bbox 2247 3753 2582 3819; x_wconf 84' lang='lat' dir='ltr'>vocantur,</span> <span class='ocrx_word' id='word_1_107' title='bbox 2622 3740 2686 3808; x_wconf 90' lang='lat' dir='ltr'>in</span> 
     </span>
     <span class='ocr_line' id='line_1_16' title="bbox 441 3849 2685 3941; baseline 0 -22"><span class='ocrx_word' id='word_1_108' title='bbox 441 3851 674 3941; x_wconf 83' lang='lat' dir='ltr'>quibus</span> <span class='ocrx_word' id='word_1_109' title='bbox 715 3849 1160 3922; x_wconf 88' lang='lat' dir='ltr'>continebatur</span> <span class='ocrx_word' id='word_1_110' title='bbox 1215 3849 1485 3941; x_wconf 81' lang='lat' dir='ltr'>qualiter</span> <span class='ocrx_word' id='word_1_111' title='bbox 1544 3850 1603 3922; x_wconf 91' lang='lat' dir='ltr'>ei</span> <span class='ocrx_word' id='word_1_112' title='bbox 1656 3851 1920 3941; x_wconf 82' lang='lat' dir='ltr'>suisque</span> <span class='ocrx_word' id='word_1_113' title='bbox 1981 3850 2470 3922; x_wconf 87' lang='lat' dir='ltr'>successoribus</span> <span class='ocrx_word' id='word_1_114' title='bbox 2529 3851 2685 3922; x_wconf 90' lang='lat' dir='ltr'>inibi</span> 
     </span>
     <span class='ocr_line' id='line_1_17' title="bbox 441 3964 2680 4057; baseline 0.001 -23"><span class='ocrx_word' id='word_1_115' title='bbox 441 3967 721 4034; x_wconf 90' lang='lat' dir='ltr'>Domino</span> <span class='ocrx_word' id='word_1_116' title='bbox 784 3964 1237 4035; x_wconf 71' lang='lat' dir='ltr'>famulantibus</span> <span class='ocrx_word' id='word_1_117' title='bbox 1276 3986 1502 4035; x_wconf 89' lang='lat' dir='ltr'>omnes</span> <span class='ocrx_word' id='word_1_118' title='bbox 1569 3987 1674 4036; x_wconf 90' lang='lat' dir='ltr'>res</span> <span class='ocrx_word' id='word_1_119' title='bbox 1731 3976 1973 4036; x_wconf 82' lang='lat' dir='ltr'>sanctae</span> <span class='ocrx_word' id='word_1_120' title='bbox 2030 3968 2304 4057; x_wconf 82' lang='lat' dir='ltr'>praesatae</span> <span class='ocrx_word' id='word_1_121' title='bbox 2364 3965 2680 4050; x_wconf 88' lang='lat' dir='ltr'>ecclesiae,</span> 
     </span>
     <span class='ocr_line' id='line_1_18' title="bbox 442 4077 2686 4172; baseline 0.001 -24"><span class='ocrx_word' id='word_1_122' title='bbox 442 4101 601 4169; x_wconf 89' lang='lat' dir='ltr'>quas</span> <span class='ocrx_word' id='word_1_123' title='bbox 635 4080 712 4148; x_wconf 93' lang='lat' dir='ltr'>ab</span> <span class='ocrx_word' id='word_1_124' title='bbox 750 4077 1013 4169; x_wconf 90' lang='lat' dir='ltr'>antiquo</span> <span class='ocrx_word' id='word_1_125' title='bbox 1057 4090 1343 4172; x_wconf 89' lang='lat' dir='ltr'>tempore</span> <span class='ocrx_word' id='word_1_126' title='bbox 1371 4082 1542 4170; x_wconf 88' lang='lat' dir='ltr'>juste</span> <span class='ocrx_word' id='word_1_127' title='bbox 1573 4092 1637 4151; x_wconf 86' lang='lat' dir='ltr'>et</span> <span class='ocrx_word' id='word_1_128' title='bbox 1674 4078 1965 4170; x_wconf 83' lang='lat' dir='ltr'>legaliter</span> <span class='ocrx_word' id='word_1_129' title='bbox 2012 4077 2408 4169; x_wconf 86' lang='lat' dir='ltr'>possidebat,</span> <span class='ocrx_word' id='word_1_130' title='bbox 2452 4094 2515 4151; x_wconf 89' lang='lat' dir='ltr'>et</span> <span class='ocrx_word' id='word_1_131' title='bbox 2540 4102 2686 4170; x_wconf 90' lang='lat' dir='ltr'>pos-</span> 
     </span>
     <span class='ocr_line' id='line_1_19' title="bbox 442 4191 2687 4284; baseline 0.001 -22"><span class='ocrx_word' id='word_1_132' title='bbox 442 4205 543 4264; x_wconf 88' lang='lat' dir='ltr'>tea</span> <span class='ocrx_word' id='word_1_133' title='bbox 582 4205 709 4263; x_wconf 89' lang='lat' dir='ltr'>tam</span> <span class='ocrx_word' id='word_1_134' title='bbox 750 4215 783 4263; x_wconf 90' lang='lat' dir='ltr'>a</span> <span class='ocrx_word' id='word_1_135' title='bbox 822 4192 1083 4284; x_wconf 84' lang='lat' dir='ltr'>regibus</span> <span class='ocrx_word' id='word_1_136' title='bbox 1110 4215 1301 4284; x_wconf 89' lang='lat' dir='ltr'>quam</span> <span class='ocrx_word' id='word_1_137' title='bbox 1341 4197 1419 4265; x_wconf 91' lang='lat' dir='ltr'>ab</span> <span class='ocrx_word' id='word_1_138' title='bbox 1454 4193 1596 4265; x_wconf 88' lang='lat' dir='ltr'>aliis</span> <span class='ocrx_word' id='word_1_139' title='bbox 1626 4207 1866 4265; x_wconf 79' lang='lat' dir='ltr'>sanctae</span> <span class='ocrx_word' id='word_1_140' title='bbox 1899 4192 2017 4265; x_wconf 91' lang='lat' dir='ltr'>Dei</span> <span class='ocrx_word' id='word_1_141' title='bbox 2055 4193 2361 4265; x_wconf 75' lang='lat' dir='ltr'>Ecclesiae</span> <span class='ocrx_word' id='word_1_142' title='bbox 2389 4191 2687 4265; x_wconf 86' lang='lat' dir='ltr'>fidelibus</span> 
     </span>
     <span class='ocr_line' id='line_1_20' title="bbox 443 4306 2681 4399; baseline 0.001 -22"><span class='ocrx_word' id='word_1_143' title='bbox 443 4306 813 4398; x_wconf 85' lang='lat' dir='ltr'>adquisivit,</span> <span class='ocrx_word' id='word_1_144' title='bbox 884 4308 1336 4399; x_wconf 85' lang='lat' dir='ltr'>perpetualiter</span> <span class='ocrx_word' id='word_1_145' title='bbox 1403 4310 1480 4378; x_wconf 91' lang='lat' dir='ltr'>ad</span> <span class='ocrx_word' id='word_1_146' title='bbox 1554 4309 2047 4380; x_wconf 87' lang='lat' dir='ltr'>deserviendum</span> <span class='ocrx_word' id='word_1_147' title='bbox 2119 4311 2681 4379; x_wconf 84' lang='lat' dir='ltr'>confirmaverunt.</span> 
     </span>
     <span class='ocr_line' id='line_1_21' title="bbox 446 4421 2684 4515; baseline 0.001 -23"><span class='ocrx_word' id='word_1_148' title='bbox 446 4425 862 4494; x_wconf 89' lang='lat' dir='ltr'>Obsecrando</span> <span class='ocrx_word' id='word_1_149' title='bbox 902 4422 1114 4514; x_wconf 89' lang='lat' dir='ltr'>itaque</span> <span class='ocrx_word' id='word_1_150' title='bbox 1155 4421 1479 4493; x_wconf 90' lang='lat' dir='ltr'>humiliter</span> <span class='ocrx_word' id='word_1_151' title='bbox 1517 4422 1858 4515; x_wconf 82' lang='lat' dir='ltr'>postulavit</span> <span class='ocrx_word' id='word_1_152' title='bbox 1899 4436 1967 4493; x_wconf 92' lang='lat' dir='ltr'>ut</span> <span class='ocrx_word' id='word_1_153' title='bbox 2013 4445 2162 4507; x_wconf 88' lang='lat' dir='ltr'>nos,</span> <span class='ocrx_word' id='word_1_154' title='bbox 2200 4435 2684 4495; x_wconf 87' lang='lat' dir='ltr'>antecessorum</span> 
     </span>
     <span class='ocr_line' id='line_1_22' title="bbox 443 4538 2686 4628; baseline 0.001 -22"><span class='ocrx_word' id='word_1_155' title='bbox 443 4550 809 4608; x_wconf 87' lang='lat' dir='ltr'>nostrorum</span> <span class='ocrx_word' id='word_1_156' title='bbox 863 4559 1110 4608; x_wconf 90' lang='lat' dir='ltr'>morem</span> <span class='ocrx_word' id='word_1_157' title='bbox 1172 4551 1543 4628; x_wconf 89' lang='lat' dir='ltr'>sequentes,</span> <span class='ocrx_word' id='word_1_158' title='bbox 1587 4541 1847 4610; x_wconf 88' lang='lat' dir='ltr'>easdem</span> <span class='ocrx_word' id='word_1_159' title='bbox 1904 4560 2009 4609; x_wconf 89' lang='lat' dir='ltr'>res</span> <span class='ocrx_word' id='word_1_160' title='bbox 2058 4540 2334 4628; x_wconf 82' lang='lat' dir='ltr'>praefatae</span> <span class='ocrx_word' id='word_1_161' title='bbox 2394 4538 2686 4609; x_wconf 73' lang='lat' dir='ltr'>ecclesiae</span> 
     </span>
     <span class='ocr_line' id='line_1_23' title="bbox 448 4649 2690 4745; baseline 0.001 -23"><span class='ocrx_word' id='word_1_162' title='bbox 448 4649 642 4723; x_wconf 90' lang='lat' dir='ltr'>simili</span> <span class='ocrx_word' id='word_1_163' title='bbox 680 4665 919 4723; x_wconf 73' lang='lat' dir='ltr'>nostrae</span> <span class='ocrx_word' id='word_1_164' title='bbox 956 4650 1352 4724; x_wconf 85' lang='lat' dir='ltr'>auctoritatis</span> <span class='ocrx_word' id='word_1_165' title='bbox 1392 4655 1919 4725; x_wconf 80' lang='lat' dir='ltr'>confirmaremus</span> <span class='ocrx_word' id='word_1_166' title='bbox 1957 4655 2248 4744; x_wconf 84' lang='lat' dir='ltr'>exemplo</span> <span class='ocrx_word' id='word_1_167' title='bbox 2286 4665 2476 4744; x_wconf 90' lang='lat' dir='ltr'>atque</span> <span class='ocrx_word' id='word_1_168' title='bbox 2526 4675 2690 4745; x_wconf 81' lang='lat' dir='ltr'>prae-</span> 
     </span>
    </p>
   </div>
  </div>
 </body>
</html>
