<?xml version="1.0" encoding="UTF-8"?>
<!DOCTYPE html PUBLIC "-//W3C//DTD XHTML 1.0 Transitional//EN"
    "http://www.w3.org/TR/xhtml1/DTD/xhtml1-transitional.dtd">
<html xmlns="http://www.w3.org/1999/xhtml" xml:lang="en" lang="en">
 <head>
  <title>
</title>
<meta http-equiv="Content-Type" content="text/html;charset=utf-8" />
  <meta name='ocr-system' content='tesseract 3.04.00' />
  <meta name='ocr-capabilities' content='ocr_page ocr_carea ocr_par ocr_line ocrx_word'/>
</head>
<body>
  <div class='ocr_page' id='page_1' title='image "./cartulairedesai00thilgoog_0418.png"; bbox 0 0 3485 5571; ppageno 0'>
   <div class='ocr_carea' id='block_1_1' title="bbox 1841 640 2191 705">
    <p class='ocr_par' dir='ltr' id='par_1_1' title="bbox 1841 640 2191 705">
     <span class='ocr_line' id='line_1_1' title="bbox 1841 640 2191 705; baseline 0.006 -20"><span class='ocrx_word' id='word_1_1' title='bbox 1841 640 2191 705; x_wconf 72' lang='lat'><strong>-233-</strong></span> 
     </span>
    </p>
   </div>
   <div class='ocr_carea' id='block_1_2' title="bbox 886 761 3148 2012">
    <p class='ocr_par' dir='ltr' id='par_1_2' title="bbox 886 761 3148 2012">
     <span class='ocr_line' id='line_1_2' title="bbox 890 761 3148 871; baseline 0.01 -43"><span class='ocrx_word' id='word_1_2' title='bbox 890 781 1110 832; x_wconf 81' lang='lat' dir='ltr'><strong>versos</strong></span> <span class='ocrx_word' id='word_1_3' title='bbox 1141 761 1387 834; x_wconf 85' lang='lat' dir='ltr'><strong>eisdem</strong></span> <span class='ocrx_word' id='word_1_4' title='bbox 1430 766 1571 857; x_wconf 84' lang='lat' dir='ltr'><strong>lege</strong></span> <span class='ocrx_word' id='word_1_5' title='bbox 1611 767 2003 840; x_wconf 79' lang='lat' dir='ltr'><strong>matrimonii</strong></span> <span class='ocrx_word' id='word_1_6' title='bbox 2046 774 2405 864; x_wconf 88' lang='lat' dir='ltr'><strong>copulatos,</strong></span> <span class='ocrx_word' id='word_1_7' title='bbox 2451 774 2518 844; x_wconf 90' lang='lat' dir='ltr'><strong>in</strong></span> <span class='ocrx_word' id='word_1_8' title='bbox 2558 797 2775 847; x_wconf 90' lang='lat' dir='ltr'><strong>rerum</strong></span> <span class='ocrx_word' id='word_1_9' title='bbox 2838 800 3148 871; x_wconf 85' lang='lat' dir='ltr'><strong>compen-</strong></span> 
     </span>
     <span class='ocr_line' id='line_1_3' title="bbox 890 875 3148 986; baseline 0.01 -42"><span class='ocrx_word' id='word_1_10' title='bbox 890 875 1205 949; x_wconf 86' lang='lat' dir='ltr'><strong>sationem</strong></span> <span class='ocrx_word' id='word_1_11' title='bbox 1241 879 1670 972; x_wconf 89' lang='lat' dir='ltr'><strong>predictarum</strong></span> <span class='ocrx_word' id='word_1_12' title='bbox 1702 886 2052 975; x_wconf 88' lang='lat' dir='ltr'><strong>capitulum</strong></span> <span class='ocrx_word' id='word_1_13' title='bbox 2084 886 2480 974; x_wconf 78' lang='lat' dir='ltr'><strong>manumisit,</strong></span> <span class='ocrx_word' id='word_1_14' title='bbox 2523 902 2589 961; x_wconf 90' lang='lat' dir='ltr'><strong>et</strong></span> <span class='ocrx_word' id='word_1_15' title='bbox 2611 893 2878 963; x_wconf 86' lang='lat' dir='ltr'><strong>eosdem</strong></span> <span class='ocrx_word' id='word_1_16' title='bbox 2917 915 2957 963; x_wconf 87' lang='lat' dir='ltr'><strong>a</strong></span> <span class='ocrx_word' id='word_1_17' title='bbox 2993 896 3148 986; x_wconf 82' lang='lat' dir='ltr'><strong>jugo</strong></span> 
     </span>
     <span class='ocr_line' id='line_1_4' title="bbox 886 995 3148 1098; baseline 0.005 -32"><span class='ocrx_word' id='word_1_18' title='bbox 886 997 1087 1067; x_wconf 87' lang='lat' dir='ltr'><strong>totius</strong></span> <span class='ocrx_word' id='word_1_19' title='bbox 1125 995 1452 1069; x_wconf 83' lang='lat' dir='ltr'><strong>servitutis</strong></span> <span class='ocrx_word' id='word_1_20' title='bbox 1490 1000 1859 1083; x_wconf 80' lang='lat' dir='ltr'><strong>absolveuS‚</strong></span> <span class='ocrx_word' id='word_1_21' title='bbox 1919 1001 2245 1073; x_wconf 87' lang='lat' dir='ltr'><strong>concessit</strong></span> <span class='ocrx_word' id='word_1_22' title='bbox 2302 1001 2803 1076; x_wconf 69' lang='lat' dir='ltr'><strong>irrevocabiliter</strong></span> <span class='ocrx_word' id='word_1_23' title='bbox 2847 1004 3035 1098; x_wconf 89' lang='lat' dir='ltr'><strong>ipsos</strong></span> <span class='ocrx_word' id='word_1_24' title='bbox 3084 1006 3148 1078; x_wconf 90' lang='lat' dir='ltr'><strong>in</strong></span> 
     </span>
     <span class='ocr_line' id='line_1_5' title="bbox 889 1111 3143 1204; baseline 0.004 -23"><span class='ocrx_word' id='word_1_25' title='bbox 889 1124 1268 1202; x_wconf 92' lang='lat' dir='ltr'><strong>perpetuum</strong></span> <span class='ocrx_word' id='word_1_26' title='bbox 1293 1111 1530 1184; x_wconf 82' lang='lat' dir='ltr'><strong>liberos</strong></span> <span class='ocrx_word' id='word_1_27' title='bbox 1571 1135 1972 1204; x_wconf 89' lang='lat' dir='ltr'><strong>permanere.</strong></span> <span class='ocrx_word' id='word_1_28' title='bbox 2019 1118 2523 1187; x_wconf 87' lang='lat' dir='ltr'><strong>Pretereundum</strong></span> <span class='ocrx_word' id='word_1_29' title='bbox 2562 1117 2756 1189; x_wconf 88' lang='lat' dir='ltr'><strong>etiam</strong></span> <span class='ocrx_word' id='word_1_30' title='bbox 2787 1142 2916 1192; x_wconf 92' lang='lat' dir='ltr'><strong>non</strong></span> <span class='ocrx_word' id='word_1_31' title='bbox 2963 1121 3143 1190; x_wconf 86' lang='lat' dir='ltr'><strong>duxi-</strong></span> 
     </span>
     <span class='ocr_line' id='line_1_6' title="bbox 889 1228 3141 1325; baseline 0.004 -29"><span class='ocrx_word' id='word_1_32' title='bbox 889 1249 1032 1297; x_wconf 87' lang='lat' dir='ltr'><strong>mus</strong></span> <span class='ocrx_word' id='word_1_33' title='bbox 1057 1230 1406 1298; x_wconf 83' lang='lat' dir='ltr'><strong>Aubertum</strong></span> <span class='ocrx_word' id='word_1_34' title='bbox 1435 1251 1470 1299; x_wconf 98' lang='lat' dir='ltr'><strong>a</strong></span> <span class='ocrx_word' id='word_1_35' title='bbox 1501 1228 1784 1320; x_wconf 88' lang='lat' dir='ltr'><strong>capitulo</strong></span> <span class='ocrx_word' id='word_1_36' title='bbox 1809 1253 1924 1321; x_wconf 91' lang='lat' dir='ltr'><strong>pro</strong></span> <span class='ocrx_word' id='word_1_37' title='bbox 1954 1229 2308 1321; x_wconf 81' lang='lat' dir='ltr'><strong>quitatione</strong></span> <span class='ocrx_word' id='word_1_38' title='bbox 2335 1233 2620 1325; x_wconf 88' lang='lat' dir='ltr'><strong>predicta</strong></span> <span class='ocrx_word' id='word_1_39' title='bbox 2647 1247 2908 1305; x_wconf 91' lang='lat' dir='ltr'><strong>centum</strong></span> <span class='ocrx_word' id='word_1_40' title='bbox 2943 1236 3141 1305; x_wconf 84' lang='lat' dir='ltr'><strong>libras</strong></span> 
     </span>
     <span class='ocr_line' id='line_1_7' title="bbox 887 1342 3146 1439; baseline 0.001 -25"><span class='ocrx_word' id='word_1_41' title='bbox 887 1342 1343 1434; x_wconf 88' lang='lat' dir='ltr'><strong>parisiensium</strong></span> <span class='ocrx_word' id='word_1_42' title='bbox 1405 1366 1551 1414; x_wconf 89' lang='lat' dir='ltr'><strong>cum</strong></span> <span class='ocrx_word' id='word_1_43' title='bbox 1612 1344 1957 1435; x_wconf 83' lang='lat' dir='ltr'><strong>pretaxatis</strong></span> <span class='ocrx_word' id='word_1_44' title='bbox 1991 1347 2184 1416; x_wconf 91' lang='lat' dir='ltr'><strong>rebus</strong></span> <span class='ocrx_word' id='word_1_45' title='bbox 2245 1345 2388 1417; x_wconf 90' lang='lat' dir='ltr'><strong>aliis</strong></span> <span class='ocrx_word' id='word_1_46' title='bbox 2428 1345 2780 1439; x_wconf 85' lang='lat' dir='ltr'><strong>recepisse.</strong></span> <span class='ocrx_word' id='word_1_47' title='bbox 2835 1350 3031 1434; x_wconf 85' lang='lat' dir='ltr'><strong>Quod</strong></span> <span class='ocrx_word' id='word_1_48' title='bbox 3083 1347 3146 1417; x_wconf 91' lang='lat' dir='ltr'><strong>in</strong></span> 
     </span>
     <span class='ocr_line' id='line_1_8' title="bbox 893 1458 3145 1554; baseline 0.003 -28"><span class='ocrx_word' id='word_1_49' title='bbox 893 1471 1111 1529; x_wconf 88' lang='lat' dir='ltr'><strong>nostra</strong></span> <span class='ocrx_word' id='word_1_50' title='bbox 1152 1460 1386 1529; x_wconf 81' lang='lat' dir='ltr'><strong>sactum</strong></span> <span class='ocrx_word' id='word_1_51' title='bbox 1414 1458 1737 1550; x_wconf 86' lang='lat' dir='ltr'><strong>presentia</strong></span> <span class='ocrx_word' id='word_1_52' title='bbox 1794 1473 1863 1529; x_wconf 90' lang='lat' dir='ltr'><strong>ut</strong></span> <span class='ocrx_word' id='word_1_53' title='bbox 1927 1475 2149 1530; x_wconf 88' lang='lat' dir='ltr'><strong>notum</strong></span> <span class='ocrx_word' id='word_1_54' title='bbox 2202 1476 2573 1552; x_wconf 89' lang='lat' dir='ltr'><strong>permaneat</strong></span> <span class='ocrx_word' id='word_1_55' title='bbox 2629 1476 2694 1533; x_wconf 88' lang='lat' dir='ltr'><strong>et</strong></span> <span class='ocrx_word' id='word_1_56' title='bbox 2765 1477 3145 1554; x_wconf 87' lang='lat' dir='ltr'><strong>perpetuam</strong></span> 
     </span>
     <span class='ocr_line' id='line_1_9' title="bbox 892 1572 3147 1668; baseline 0.001 -26"><span class='ocrx_word' id='word_1_57' title='bbox 892 1572 1178 1644; x_wconf 89' lang='lat' dir='ltr'><strong>obtineat</strong></span> <span class='ocrx_word' id='word_1_58' title='bbox 1233 1575 1629 1658; x_wconf 87' lang='lat' dir='ltr'><strong>firmitatem,</strong></span> <span class='ocrx_word' id='word_1_59' title='bbox 1693 1588 2060 1668; x_wconf 85' lang='lat' dir='ltr'><strong>presentem</strong></span> <span class='ocrx_word' id='word_1_60' title='bbox 2104 1574 2403 1665; x_wconf 87' lang='lat' dir='ltr'><strong>paginam</strong></span> <span class='ocrx_word' id='word_1_61' title='bbox 2443 1578 2522 1646; x_wconf 91' lang='lat' dir='ltr'><strong>ad</strong></span> <span class='ocrx_word' id='word_1_62' title='bbox 2581 1574 2964 1667; x_wconf 89' lang='lat' dir='ltr'><strong>petitionem</strong></span> <span class='ocrx_word' id='word_1_63' title='bbox 3009 1598 3147 1667; x_wconf 90' lang='lat' dir='ltr'><strong>par-</strong></span> 
     </span>
     <span class='ocr_line' id='line_1_10' title="bbox 894 1686 3148 1781; baseline 0.001 -24"><span class='ocrx_word' id='word_1_64' title='bbox 894 1686 1053 1758; x_wconf 89' lang='lat' dir='ltr'><strong>tium</strong></span> <span class='ocrx_word' id='word_1_65' title='bbox 1124 1688 1316 1781; x_wconf 80' lang='lat' dir='ltr'><strong>sigilli</strong></span> <span class='ocrx_word' id='word_1_66' title='bbox 1358 1689 1565 1760; x_wconf 88' lang='lat' dir='ltr'><strong>nostri</strong></span> <span class='ocrx_word' id='word_1_67' title='bbox 1610 1696 1934 1761; x_wconf 80' lang='lat' dir='ltr'><strong>caractere</strong></span> <span class='ocrx_word' id='word_1_68' title='bbox 1983 1687 2255 1761; x_wconf 87' lang='lat' dir='ltr'><strong>lecimus</strong></span> <span class='ocrx_word' id='word_1_69' title='bbox 2297 1689 2609 1761; x_wconf 89' lang='lat' dir='ltr'><strong>roborari.</strong></span> <span class='ocrx_word' id='word_1_70' title='bbox 2677 1694 2904 1761; x_wconf 83' lang='lat' dir='ltr'><strong>Actum</strong></span> <span class='ocrx_word' id='word_1_71' title='bbox 2979 1711 3148 1760; x_wconf 92' lang='lat' dir='ltr'><strong>anno</strong></span> 
     </span>
     <span class='ocr_line' id='line_1_11' title="bbox 892 1802 3147 1896; baseline 0 -23"><span class='ocrx_word' id='word_1_72' title='bbox 892 1805 1092 1893; x_wconf 85' lang='lat' dir='ltr'><strong>gratie</strong></span> <span class='ocrx_word' id='word_1_73' title='bbox 1115 1807 1268 1876; x_wconf 83' lang='lat' dir='ltr'><strong>MCC</strong></span> <span class='ocrx_word' id='word_1_74' title='bbox 1295 1827 1491 1887; x_wconf 92' lang='lat' dir='ltr'><strong>nono,</strong></span> <span class='ocrx_word' id='word_1_75' title='bbox 1526 1803 1734 1896; x_wconf 81' lang='lat' dir='ltr'><strong>vigilia</strong></span> <span class='ocrx_word' id='word_1_76' title='bbox 1767 1803 2232 1875; x_wconf 76' lang='lat' dir='ltr'><strong>purificationis</strong></span> <span class='ocrx_word' id='word_1_77' title='bbox 2257 1803 2723 1896; x_wconf 80' lang='lat' dir='ltr'><strong>gloriosissime</strong></span> <span class='ocrx_word' id='word_1_78' title='bbox 2741 1804 2856 1876; x_wconf 88' lang='lat' dir='ltr'><strong>Dei</strong></span> <span class='ocrx_word' id='word_1_79' title='bbox 2878 1802 3147 1896; x_wconf 79' lang='lat' dir='ltr'><strong>genitri-</strong></span> 
     </span>
     <span class='ocr_line' id='line_1_12' title="bbox 894 1918 1797 2012; baseline 0.002 -23"><span class='ocrx_word' id='word_1_80' title='bbox 894 1918 1015 2002; x_wconf 90' lang='lat' dir='ltr'><strong>cis,</strong></span> <span class='ocrx_word' id='word_1_81' title='bbox 1058 1918 1122 1989; x_wconf 90' lang='lat' dir='ltr'><strong>in</strong></span> <span class='ocrx_word' id='word_1_82' title='bbox 1167 1920 1447 2011; x_wconf 85' lang='lat' dir='ltr'><strong>generali</strong></span> <span class='ocrx_word' id='word_1_83' title='bbox 1488 1918 1797 2012; x_wconf 86' lang='lat' dir='ltr'><strong>capitulo.</strong></span> 
     </span>
    </p>
   </div>
   <div class='ocr_carea' id='block_1_3' title="bbox 1927 2302 2108 2364">
    <p class='ocr_par' dir='ltr' id='par_1_3' title="bbox 1927 2302 2108 2364">
     <span class='ocr_line' id='line_1_13' title="bbox 1927 2302 2108 2364; baseline -0.006 0"><span class='ocrx_word' id='word_1_84' title='bbox 1927 2302 2108 2364; x_wconf 89' lang='lat' dir='ltr'>CLIV</span> 
     </span>
    </p>
   </div>
   <div class='ocr_carea' id='block_1_4' title="bbox 1222 2602 2771 2688">
    <p class='ocr_par' dir='ltr' id='par_1_4' title="bbox 1222 2602 2771 2688">
     <span class='ocr_line' id='line_1_14' title="bbox 1222 2602 2771 2688; baseline -0.003 -16"><span class='ocrx_word' id='word_1_85' title='bbox 1222 2608 1433 2684; x_wconf 87' lang='lat' dir='ltr'><strong>Paris,</strong></span> <span class='ocrx_word' id='word_1_86' title='bbox 1462 2607 1621 2671; x_wconf 79' lang='lat'>1210</span> <span class='ocrx_word' id='word_1_87' title='bbox 1657 2606 1764 2688; x_wconf 64' lang='lat' dir='ltr'><strong>[1⁶r</strong></span> <span class='ocrx_word' id='word_1_88' title='bbox 1788 2607 2152 2671; x_wconf 88' lang='lat' dir='ltr'><strong>novembre</strong></span> <span class='ocrx_word' id='word_1_89' title='bbox 2185 2624 2272 2670; x_wconf 91' lang='lat' dir='ltr'><strong>au</strong></span> <span class='ocrx_word' id='word_1_90' title='bbox 2309 2605 2345 2668; x_wconf 77' lang='lat'><strong>2</strong></span> <span class='ocrx_word' id='word_1_91' title='bbox 2377 2607 2541 2669; x_wconf 90' lang='lat' dir='ltr'><strong>avril</strong></span> <span class='ocrx_word' id='word_1_92' title='bbox 2567 2602 2771 2685; x_wconf 60' lang='lat'><strong>1211}</strong></span> 
     </span>
    </p>
   </div>
   <div class='ocr_carea' id='block_1_5' title="bbox 888 2853 3138 3128">
    <p class='ocr_par' dir='ltr' id='par_1_5' title="bbox 888 2853 3138 3128">
     <span class='ocr_line' id='line_1_15' title="bbox 888 2853 3137 2942; baseline -0.008 -17"><span class='ocrx_word' id='word_1_93' title='bbox 888 2869 1454 2942; x_wconf 76' lang='lat' dir='ltr'><strong>Philippe-Auguste‚</strong></span> <span class='ocrx_word' id='word_1_94' title='bbox 1502 2865 1668 2938; x_wconf 71' lang='lat' dir='ltr'><strong>apres</strong></span> <span class='ocrx_word' id='word_1_95' title='bbox 1717 2865 1981 2935; x_wconf 77' lang='lat' dir='ltr'><strong>enquete,</strong></span> <span class='ocrx_word' id='word_1_96' title='bbox 2040 2861 2309 2918; x_wconf 77' lang='lat' dir='ltr'><strong>confirmo</strong></span> <span class='ocrx_word' id='word_1_97' title='bbox 2359 2876 2432 2915; x_wconf 85' lang='lat' dir='ltr'><strong>au</strong></span> <span class='ocrx_word' id='word_1_98' title='bbox 2479 2858 2730 2932; x_wconf 83' lang='lat' dir='ltr'><strong>chapitre</strong></span> <span class='ocrx_word' id='word_1_99' title='bbox 2777 2857 2830 2913; x_wconf 91' lang='lat' dir='ltr'><strong>le</strong></span> <span class='ocrx_word' id='word_1_100' title='bbox 2872 2856 3027 2912; x_wconf 83' lang='lat' dir='ltr'><strong>droit</strong></span> <span class='ocrx_word' id='word_1_101' title='bbox 3070 2853 3137 2908; x_wconf 82' lang='lat' dir='ltr'><strong>de</strong></span> 
     </span>
     <span class='ocr_line' id='line_1_16' title="bbox 954 2952 3138 3030; baseline -0.006 -10"><span class='ocrx_word' id='word_1_102' title='bbox 954 2967 1139 3023; x_wconf 80' lang='lat' dir='ltr'><strong>tailler</strong></span> <span class='ocrx_word' id='word_1_103' title='bbox 1166 2967 1249 3022; x_wconf 90' lang='lat' dir='ltr'><strong>les</strong></span> <span class='ocrx_word' id='word_1_104' title='bbox 1278 2964 1421 3021; x_wconf 78' lang='lat' dir='ltr'><strong>serfs</strong></span> <span class='ocrx_word' id='word_1_105' title='bbox 1450 2963 1521 3018; x_wconf 89' lang='lat' dir='ltr'><strong>de</strong></span> <span class='ocrx_word' id='word_1_106' title='bbox 1551 2978 1640 3017; x_wconf 86' lang='lat' dir='ltr'><strong>ses</strong></span> <span class='ocrx_word' id='word_1_107' title='bbox 1669 2967 1851 3018; x_wconf 87' lang='lat' dir='ltr'><strong>terres</strong></span> <span class='ocrx_word' id='word_1_108' title='bbox 1873 2958 2249 3030; x_wconf 83' lang='lat' dir='ltr'><strong>d’Etampois:</strong></span> <span class='ocrx_word' id='word_1_109' title='bbox 2280 2972 2426 3029; x_wconf 88' lang='lat' dir='ltr'><strong>pour</strong></span> <span class='ocrx_word' id='word_1_110' title='bbox 2452 2956 2505 3010; x_wconf 91' lang='lat' dir='ltr'><strong>le</strong></span> <span class='ocrx_word' id='word_1_111' title='bbox 2532 2955 2747 3010; x_wconf 82' lang='lat' dir='ltr'><strong>service</strong></span> <span class='ocrx_word' id='word_1_112' title='bbox 2765 2954 2843 3009; x_wconf 87' lang='lat' dir='ltr'><strong>du</strong></span> <span class='ocrx_word' id='word_1_113' title='bbox 2871 2952 2973 3022; x_wconf 86' lang='lat' dir='ltr'><strong>roi,</strong></span> <span class='ocrx_word' id='word_1_114' title='bbox 2996 2963 3138 3023; x_wconf 86' lang='lat' dir='ltr'><strong>pour</strong></span> 
     </span>
     <span class='ocr_line' id='line_1_17' title="bbox 956 3052 3133 3128; baseline -0.011 -4"><span class='ocrx_word' id='word_1_115' title='bbox 956 3069 1007 3124; x_wconf 83' lang='lat' dir='ltr'><strong>la</strong></span> <span class='ocrx_word' id='word_1_116' title='bbox 1044 3068 1271 3124; x_wconf 77' lang='lat' dir='ltr'><strong>defense</strong></span> <span class='ocrx_word' id='word_1_117' title='bbox 1300 3066 1370 3121; x_wconf 87' lang='lat' dir='ltr'><strong>de</strong></span> <span class='ocrx_word' id='word_1_118' title='bbox 1399 3065 1551 3119; x_wconf 86' lang='lat' dir='ltr'><strong>leurs</strong></span> <span class='ocrx_word' id='word_1_119' title='bbox 1589 3062 1751 3117; x_wconf 83' lang='lat' dir='ltr'><strong>biens</strong></span> <span class='ocrx_word' id='word_1_120' title='bbox 1781 3065 1837 3115; x_wconf 85' lang='lat' dir='ltr'><strong>et</strong></span> <span class='ocrx_word' id='word_1_121' title='bbox 1864 3060 1963 3115; x_wconf 89' lang='lat' dir='ltr'><strong>des</strong></span> <span class='ocrx_word' id='word_1_122' title='bbox 1988 3064 2166 3114; x_wconf 83' lang='lat' dir='ltr'><strong>terres</strong></span> <span class='ocrx_word' id='word_1_123' title='bbox 2196 3057 2270 3111; x_wconf 90' lang='lat' dir='ltr'><strong>du</strong></span> <span class='ocrx_word' id='word_1_124' title='bbox 2299 3055 2570 3128; x_wconf 62' lang='lat' dir='ltr'><strong>chapitle,</strong></span> <span class='ocrx_word' id='word_1_125' title='bbox 2602 3053 2791 3125; x_wconf 83' lang='lat' dir='ltr'><strong>quand</strong></span> <span class='ocrx_word' id='word_1_126' title='bbox 2819 3052 2889 3108; x_wconf 87' lang='lat' dir='ltr'><strong>ils</strong></span> <span class='ocrx_word' id='word_1_127' title='bbox 2915 3053 3037 3108; x_wconf 75' lang='lat' dir='ltr'><strong>font</strong></span> <span class='ocrx_word' id='word_1_128' title='bbox 3059 3062 3133 3103; x_wconf 87' lang='lat' dir='ltr'><strong>nn</strong></span> 
     </span>
    </p>
   </div>
   <div class='ocr_carea' id='block_1_6' title="bbox 954 3160 1653 3236">
    <p class='ocr_par' dir='ltr' id='par_1_6' title="bbox 954 3160 1653 3236">
     <span class='ocr_line' id='line_1_18' title="bbox 954 3160 1653 3236; baseline -0.011 -14"><span class='ocrx_word' id='word_1_129' title='bbox 954 3166 1115 3223; x_wconf 84' lang='lat' dir='ltr'><strong>achat</strong></span> <span class='ocrx_word' id='word_1_130' title='bbox 1145 3169 1199 3221; x_wconf 91' lang='lat' dir='ltr'><strong>et</strong></span> <span class='ocrx_word' id='word_1_131' title='bbox 1227 3179 1373 3236; x_wconf 84' lang='lat' dir='ltr'><strong>pour</strong></span> <span class='ocrx_word' id='word_1_132' title='bbox 1401 3162 1455 3216; x_wconf 90' lang='lat' dir='ltr'><strong>le</strong></span> <span class='ocrx_word' id='word_1_133' title='bbox 1486 3160 1653 3232; x_wconf 88' lang='lat' dir='ltr'><strong>Pape.</strong></span> 
     </span>
    </p>
   </div>
   <div class='ocr_carea' id='block_1_7' title="bbox 1041 3294 2985 3469">
    <p class='ocr_par' dir='ltr' id='par_1_7' title="bbox 1041 3294 2985 3469">
     <span class='ocr_line' id='line_1_19' title="bbox 1041 3294 2985 3384; baseline -0.011 -13"><span class='ocrx_word' id='word_1_134' title='bbox 1041 3312 1184 3384; x_wconf 86' lang='lat' dir='ltr'><strong>(Bib.</strong></span> <span class='ocrx_word' id='word_1_135' title='bbox 1226 3311 1354 3367; x_wconf 87' lang='lat' dir='ltr'><strong>Nat.</strong></span> <span class='ocrx_word' id='word_1_136' title='bbox 1408 3308 1548 3365; x_wconf 91' lang='lat' dir='ltr'><strong>Coll.</strong></span> <span class='ocrx_word' id='word_1_137' title='bbox 1599 3307 1851 3371; x_wconf 69' lang='lat' dir='ltr'><strong>Morem,</strong></span> <span class='ocrx_word' id='word_1_138' title='bbox 1896 3301 2039 3360; x_wconf 67' lang='lat'><strong>11⁴:</strong></span> <span class='ocrx_word' id='word_1_139' title='bbox 2091 3300 2181 3355; x_wconf 88' lang='lat'><strong>43.</strong></span> <span class='ocrx_word' id='word_1_140' title='bbox 2237 3320 2260 3350; x_wconf 74' lang='grc' dir='ltr'>ι</span> <span class='ocrx_word' id='word_1_141' title='bbox 2303 3298 2515 3354; x_wconf 83' lang='lat' dir='ltr'><strong>Extrait</strong></span> <span class='ocrx_word' id='word_1_142' title='bbox 2563 3296 2641 3352; x_wconf 88' lang='lat' dir='ltr'><strong>du</strong></span> <span class='ocrx_word' id='word_1_143' title='bbox 2685 3294 2985 3352; x_wconf 81' lang='lat' dir='ltr'><strong>cartulaire</strong></span> 
     </span>
     <span class='ocr_line' id='line_1_20' title="bbox 1523 3394 2472 3469; baseline -0.011 -10"><span class='ocrx_word' id='word_1_144' title='bbox 1523 3404 1593 3459; x_wconf 89' lang='lat' dir='ltr'><strong>de</strong></span> <span class='ocrx_word' id='word_1_145' title='bbox 1632 3399 2043 3469; x_wconf 83' lang='lat' dir='ltr'><strong>Sainte-Croix,</strong></span> <span class='ocrx_word' id='word_1_146' title='bbox 2083 3396 2131 3451; x_wconf 72' lang='lat'><strong>{⁰</strong></span> <span class='ocrx_word' id='word_1_147' title='bbox 2157 3394 2267 3454; x_wconf 76' lang='lat'><strong>203</strong></span> <span class='ocrx_word' id='word_1_148' title='bbox 2305 3405 2362 3449; x_wconf 86' lang='lat' dir='ltr'><strong>r⁰</strong></span> <span class='ocrx_word' id='word_1_149' title='bbox 2393 3396 2472 3463; x_wconf 70' lang='grc' dir='ltr'><strong>ι.)</strong></span> 
     </span>
    </p>
   </div>
   <div class='ocr_carea' id='block_1_8' title="bbox 877 3628 3125 4203">
    <p class='ocr_par' dir='ltr' id='par_1_8' title="bbox 877 3628 3125 4203">
     <span class='ocr_line' id='line_1_21' title="bbox 968 3628 3122 3726; baseline -0.014 0"><span class='ocrx_word' id='word_1_150' title='bbox 968 3658 1036 3726; x_wconf 91' lang='lat' dir='ltr'><strong>ln</strong></span> <span class='ocrx_word' id='word_1_151' title='bbox 1076 3650 1337 3724; x_wconf 90' lang='lat' dir='ltr'><strong>nomine</strong></span> <span class='ocrx_word' id='word_1_152' title='bbox 1376 3660 1598 3719; x_wconf 88' lang='lat' dir='ltr'><strong>sancte</strong></span> <span class='ocrx_word' id='word_1_153' title='bbox 1640 3658 1703 3716; x_wconf 90' lang='lat' dir='ltr'><strong>et</strong></span> <span class='ocrx_word' id='word_1_154' title='bbox 1738 3639 2069 3712; x_wconf 87' lang='lat' dir='ltr'><strong>individue</strong></span> <span class='ocrx_word' id='word_1_155' title='bbox 2107 3633 2453 3708; x_wconf 88' lang='lat' dir='ltr'><strong>Trinitatis.</strong></span> <span class='ocrx_word' id='word_1_156' title='bbox 2499 3637 2724 3703; x_wconf 83' lang='lat' dir='ltr'><strong>Amen.</strong></span> <span class='ocrx_word' id='word_1_157' title='bbox 2773 3628 3122 3722; x_wconf 85' lang='lat' dir='ltr'><strong>Philippus,</strong></span> 
     </span>
     <span class='ocr_line' id='line_1_22' title="bbox 880 3741 3117 3861; baseline -0.017 -16"><span class='ocrx_word' id='word_1_158' title='bbox 880 3769 994 3844; x_wconf 90' lang='lat' dir='ltr'><strong>Dei</strong></span> <span class='ocrx_word' id='word_1_159' title='bbox 1034 3790 1245 3861; x_wconf 75' lang='lat' dir='ltr'><strong>gracia</strong></span> <span class='ocrx_word' id='word_1_160' title='bbox 1284 3768 1671 3835; x_wconf 84' lang='lat' dir='ltr'><strong>Francorum</strong></span> <span class='ocrx_word' id='word_1_161' title='bbox 1700 3780 1833 3829; x_wconf 89' lang='lat' dir='ltr'><strong>rex.</strong></span> <span class='ocrx_word' id='word_1_162' title='bbox 1872 3751 2176 3825; x_wconf 86' lang='lat' dir='ltr'><strong>Noverint</strong></span> <span class='ocrx_word' id='word_1_163' title='bbox 2196 3746 2475 3822; x_wconf 89' lang='lat' dir='ltr'><strong>universi</strong></span> <span class='ocrx_word' id='word_1_164' title='bbox 2518 3757 2853 3838; x_wconf 87' lang='lat' dir='ltr'><strong>presentes</strong></span> <span class='ocrx_word' id='word_1_165' title='bbox 2888 3741 3117 3835; x_wconf 90' lang='lat' dir='ltr'><strong>pariter</strong></span> 
     </span>
     <span class='ocr_line' id='line_1_23' title="bbox 879 3853 3125 3976; baseline -0.016 -18"><span class='ocrx_word' id='word_1_166' title='bbox 879 3901 942 3959; x_wconf 88' lang='lat' dir='ltr'><strong>et</strong></span> <span class='ocrx_word' id='word_1_167' title='bbox 971 3882 1162 3956; x_wconf 83' lang='lat' dir='ltr'><strong>futuri</strong></span> <span class='ocrx_word' id='word_1_168' title='bbox 1191 3882 1361 3973; x_wconf 89' lang='lat' dir='ltr'><strong>quod</strong></span> <span class='ocrx_word' id='word_1_169' title='bbox 1392 3900 1539 3949; x_wconf 85' lang='lat' dir='ltr'><strong>cum</strong></span> <span class='ocrx_word' id='word_1_170' title='bbox 1585 3870 1884 3945; x_wconf 89' lang='lat' dir='ltr'><strong>homines</strong></span> <span class='ocrx_word' id='word_1_171' title='bbox 1923 3872 2004 3940; x_wconf 91' lang='lat' dir='ltr'><strong>de</strong></span> <span class='ocrx_word' id='word_1_172' title='bbox 2068 3880 2234 3938; x_wconf 90' lang='lat' dir='ltr'><strong>terra</strong></span> <span class='ocrx_word' id='word_1_173' title='bbox 2275 3868 2510 3934; x_wconf 80' lang='lat' dir='ltr'><strong>Sancte</strong></span> <span class='ocrx_word' id='word_1_174' title='bbox 2578 3858 2802 3932; x_wconf 90' lang='lat' dir='ltr'><strong>Crucis</strong></span> <span class='ocrx_word' id='word_1_175' title='bbox 2842 3853 3125 3976; x_wconf 46' lang='lat' dir='ltr'><strong>Aurelia:</strong></span> 
     </span>
     <span class='ocr_line' id='line_1_24' title="bbox 880 3971 3119 4084; baseline -0.018 -9"><span class='ocrx_word' id='word_1_176' title='bbox 880 4001 1105 4075; x_wconf 88' lang='lat' dir='ltr'><strong>nensis</strong></span> <span class='ocrx_word' id='word_1_177' title='bbox 1146 4001 1227 4068; x_wconf 89' lang='lat' dir='ltr'><strong>de</strong></span> <span class='ocrx_word' id='word_1_178' title='bbox 1258 3989 1617 4084; x_wconf 89' lang='lat' dir='ltr'><strong>Stampasio</strong></span> <span class='ocrx_word' id='word_1_179' title='bbox 1661 3988 1805 4081; x_wconf 80' lang='lat' dir='ltr'><strong>(sic)</strong></span> <span class='ocrx_word' id='word_1_180' title='bbox 1846 4009 1881 4056; x_wconf 91' lang='lat' dir='ltr'><strong>a</strong></span> <span class='ocrx_word' id='word_1_181' title='bbox 1920 3983 2204 4074; x_wconf 89' lang='lat' dir='ltr'><strong>capitulo</strong></span> <span class='ocrx_word' id='word_1_182' title='bbox 2252 3978 2541 4069; x_wconf 85' lang='lat' dir='ltr'><strong>ejusdem</strong></span> <span class='ocrx_word' id='word_1_183' title='bbox 2583 3971 2859 4045; x_wconf 89' lang='lat' dir='ltr'><strong>ecclesie</strong></span> <span class='ocrx_word' id='word_1_184' title='bbox 2906 3971 3119 4042; x_wconf 82' lang='lat' dir='ltr'><strong>talliau</strong></span> 
     </span>
     <span class='ocr_line' id='line_1_25' title="bbox 877 4088 3123 4203; baseline -0.018 -14"><span class='ocrx_word' id='word_1_185' title='bbox 877 4119 954 4190; x_wconf 91' lang='lat' dir='ltr'><strong>ad</strong></span> <span class='ocrx_word' id='word_1_186' title='bbox 998 4137 1117 4186; x_wconf 88' lang='lat' dir='ltr'><strong>nos</strong></span> <span class='ocrx_word' id='word_1_187' title='bbox 1143 4105 1609 4203; x_wconf 88' lang='lat' dir='ltr'><strong>querimoniam</strong></span> <span class='ocrx_word' id='word_1_188' title='bbox 1640 4106 2091 4193; x_wconf 88' lang='lat' dir='ltr'><strong>deportassent</strong></span> <span class='ocrx_word' id='word_1_189' title='bbox 2131 4095 2302 4186; x_wconf 88' lang='lat' dir='ltr'><strong>quod</strong></span> <span class='ocrx_word' id='word_1_190' title='bbox 2335 4088 2627 4162; x_wconf 88' lang='lat' dir='ltr'><strong>canonici</strong></span> <span class='ocrx_word' id='word_1_191' title='bbox 2681 4110 2809 4180; x_wconf 84' lang='lat' dir='ltr'><strong>non</strong></span> <span class='ocrx_word' id='word_1_192' title='bbox 2864 4090 3123 4177; x_wconf 84' lang='lat' dir='ltr'><strong>possent</strong></span> 
     </span>
    </p>
   </div>
  </div>
 </body>
</html>
