3485 5571
1777 622 2133 685 —398—

1786 1041 2115 1105 CCXCVlIl

1587 1368 1667 1432 30
1708 1370 2094 1450 septembre
2148 1369 2305 1432 1258

848 1644 1108 1701 Vidimus
1146 1661 1247 1717 par
1274 1644 1479 1717 Eudes,
1510 1646 1689 1718 doyen
1727 1647 1800 1704 de
1848 1646 2251 1718 sainte-Croix,
2300 1646 2468 1703 d'une
2505 1646 2604 1701 des
2649 1646 2866 1702 clauses
2917 1643 2979 1698 de
3009 1641 3051 1697 la

1810 1745 2001 1799 charte
2029 1744 2117 1800 LI.

1327 1912 1514 1984 (Ox-ig.
1547 1930 1595 1968 s.
1626 1913 1819 1986 purch.
1866 1912 2409 1971 Arch.Nat.1.17o
2441 1931 2455 1968 2
2483 1911 2595 1980 27.)

924 2177 1255 2249 Universis
1339 2191 1674 2269 presentes
1748 2180 1997 2250 litteras
2066 2177 2456 2270 inspecturis
2545 2179 2709 2263 odo,
2799 2180 3055 2248 decanus

843 2292 1351 2373 Aurelianensis,
1383 2296 1654 2364 salutem
1681 2291 1747 2362 in
1771 2295 2076 2365 Domino.
2119 2292 2429 2365 Noveritis
2468 2316 2587 2365 nos
2616 2290 2857 2363 litteras
2900 2291 3055 2363 illus-

846 2406 962 2478 tris
1003 2406 1114 2478 viri
1144 2406 1471 2490 Ludovici,
1542 2410 1713 2497 regis
1760 2411 2173 2490 Francorum,
2218 2430 2347 2479 non
2400 2407 2684 2493 viciatas,
2753 2430 2875 2478 non
2931 2428 3058 2477 can·

843 2524 1131 2604 cellataS,
1156 2544 1287 2592 non
1328 2522 1622 2607 abolitas,
1662 2544 1834 2592 anno
1866 2521 2120 2593 Domini
2149 2524 2348 2592 MCCL
2388 2535 2641 2605 octavo,
2682 2519 2787 2592 die
2856 2522 3056 2591 martis

837 2649 984 2726 post
1031 2639 1262 2706 festum
1318 2634 1531 2706 Sancti
1564 2619 1910 2718 Michaelis,
1937 2635 2177 2707 vidisse
2213 2638 2278 2706 in
2310 2637 2431 2706 bec
2463 2637 2652 2706 verba
2681 2661 2696 2704 ε

922 2748 1090 2819 Nihil
1129 2771 1292 2841 eque
1331 2771 1634 2841 magnum
1669 2762 1777 2821 aut
1807 2747 2156 2842 gloriosum
2192 2763 2256 2821 et
2294 2772 2332 2822 c
2369 2757 2473 2821 ¹...

928 2867 998 2934 ln
1028 2864 1262 2955 quibus
1303 2862 1711 2936 interseritur
1749 2865 1869 2936 ista
1909 2868 2248 2936 clausula:
2289 2866 2379 2935 Ad
2435 2867 2745 2956 majorem
2798 2866 3052 2937 etiam...

838 2980 980 3071 (Ch.
1025 2982 1121 3064 LI,
1158 3002 1220 3069 p.
1256 2980 1407 3062 102,
1442 2980 1487 3049 l.
1526 2979 1719 3070 18)...
1756 2978 2102 3050 vicessimo
2129 2980 2430 3070 septimo.
2458 2980 2657 3065 (Ibid.
2690 3001 2754 3069 p.
2785 2981 2902 3049 103
2927 2982 2966 3048 l.
3000 2981 3055 3063 7,

835 3115 924 3163 au
956 3095 1087 3162 lieu
1122 3094 1201 3162 de
1234 3094 1470 3181 XXVI).

925 3207 994 3273 ln
1038 3205 1223 3295 cujus
1264 3202 1355 3273 rei
1394 3202 1770 3274 memoriam
1828 3218 1892 3275 et
1966 3203 2277 3276 noticiam
2319 3218 2686 3297 presentem
2731 3204 3054 3275 clausulam

838 3318 1115 3389 fecimus
1148 3316 1440 3408 sigillari.
1480 3320 1713 3387 Datum
1749 3341 1918 3390 anno
1948 3333 2012 3390 et
2042 3318 2146 3389 die
2171 3317 2500 3410 predictis.

924 4543 939 4576 ¹
975 4543 1074 4598 Ch.
1108 4542 1196 4611 LI,
1229 4559 1283 4615 p.
1323 4542 1449 4611 101,
1480 4543 1518 4597 l.
1576 4542 1630 4595 2.
1686 4571 1753 4582 —
1809 4540 1957 4595 C'est
1985 4557 2057 4595 au
2099 4540 2327 4612 present
2364 4546 2484 4596 acte
2535 4556 2646 4610 que
2684 4538 2968 4612 s’applique
3000 4536 3044 4590 la

855 4633 1139 4690 reference
1162 4635 1213 4689 J.
1250 4633 1353 4688 170
1383 4649 1399 4686 ε
1431 4633 1520 4697 27,
1553 4635 1693 4687 mise
1720 4648 1823 4703 par
1851 4648 2046 4687 erreur
2074 4632 2105 4685 a
2135 4632 2190 4688 la
2212 4633 2402 4687 charte
2428 4633 2514 4688 Ll.
