3485 5571
1759 628 2093 693 —328—

789 757 1080 850 Dyonisii
1125 756 1369 841 muitis,
1430 770 1632 829 totum
1676 757 2045 829 dotalieium
2103 780 2289 828 suum
2343 758 2511 848 quod
2559 758 2835 828 habebat
2872 760 3037 848 apud

789 875 1247 954 Altumvillare,
1310 874 1481 963 quod
1520 870 1778 962 quidem
1834 873 1889 942 ei
1941 872 2199 942 dedisse
2244 869 2577 942 dicebatur
2637 873 2921 942 Matheus
2958 872 3039 944 de

788 986 1160 1070 Altovillari‚
1195 999 1461 1056 maritus
1493 989 1818 1077 quondam
1850 1009 2034 1069 suuS‚
2070 985 2323 1057 dilectis
2364 983 2511 1055 tiliis
2551 972 2797 1057 decano
2836 1000 2901 1056 et
2939 1007 3040 1055 ca-

786 1101 986 1193 pitulo
1018 1099 1455 1171 Aurelianensi
1496 1122 1709 1170 coram
1750 1099 1936 1170 nobis
1967 1098 2251 1170 vendidit
2281 1115 2346 1170 et
2372 1098 2641 1191 quitavit
2669 1102 2790 1170 sub
2822 1100 3037 1190 precio

786 1213 1125 1285 duodecim
1165 1212 1467 1283 librarum
1509 1211 1958 1304 parisiensium
1998 1212 2269 1304 singulis
2320 1212 2504 1283 annis
2544 1202 2852 1304 quamdiu
2894 1237 3040 1305 pre·

786 1327 952 1398 dicta
980 1326 1279 1418 Dyonisia
1321 1326 1543 1398 vixerit
1583 1327 1794 1398 eidem
1839 1330 1931 1398 vel
1961 1329 2096 1417 ejus
2123 1342 2302 1398 certo
2343 1326 2582 1398 nuncio
2618 1326 3035 1421 Aurel[ianis]

783 1441 846 1511 in
883 1444 1045 1512 festo
1074 1441 1278 1512 sancti
1309 1441 1580 1532 Remigii
1610 1444 2092 1524 solvendorum,
2121 1445 2241 1512 sub
2282 1466 2443 1533 pena
2472 1442 2767 1514 videlicet
2807 1446 3037 1514 decem

785 1554 1135 1626 solidorum
1189 1555 1243 1625 si
1288 1554 1389 1626 die
1442 1554 1542 1625 illa
1596 1570 1915 1646 pretaxata
1955 1579 2205 1626 summa
2264 1579 2394 1626 non
2446 1555 2631 1627 suerit
2682 1559 3035 1647 persoluta.

780 1672 915 1739 Non
950 1667 1269 1739 tenebitur
1305 1682 1517 1740 autem
1560 1671 1700 1759 ipsa
1729 1672 1826 1740 vel
1854 1672 1994 1759 ejus
2035 1669 2310 1739 nuncius
2351 1671 2688 1761 pecuniam
2718 1670 2892 1741 illam
2932 1693 3040 1742 re-

775 1781 1048 1872 ·quirere
1085 1781 1206 1853 nisi
1247 1806 1282 1853 a
1325 1785 1569 1855 decano
1619 1782 2082 1866 Aurelianensi,
2129 1786 2223 1853 vel
2250 1785 2330 1853 ab
2368 1782 2790 1877 olfic[ialibus]
2832 1785 3042 1875 ipsius

784 1894 836 1966 si
879 1919 1147 1986 presens
1194 1920 1319 1967 non
1362 1900 1554 1967 fuerit
1584 1900 1893 1967 decanus.
1940 1896 2101 1967 Fieri
2153 1911 2367 1968 autem
2405 1898 2663 1968 debebit
2700 1897 3038 1988 requisitio

783 2009 1069 2099 predicta
1109 2010 1211 2080 die
1265 2011 1370 2081 illa
1426 2010 1510 2081 ita
1573 2009 1976 2101 tempestive,
2031 2014 2202 2101 quod
2263 2011 2595 2082 bursarius
2633 2010 2894 2102 capituli
2957 2013 3037 2083 de

785 2125 1106 2194 solutione
1137 2124 1423 2195 facienda
1466 2123 1587 2193 sibi
1627 2125 1832 2215 possit
1863 2138 2307 2215 competenter
2354 2147 2719 2216 precavere.
2758 2125 3035 2197 Condic-

782 2251 919 2306 tum
959 2252 1175 2307 autem
1215 2238 1333 2306 tuit
1371 2251 1437 2308 et
1484 2260 1870 2309 concessum
1935 2240 2108 2328 quod
2158 2238 2439 2328 predicta
2493 2238 2751 2310 domina
2795 2255 3033 2311 terram

785 2349 1063 2420 dotalicii
1106 2351 1204 2420 sui
1244 2353 1322 2421 ad
1378 2373 1647 2441 presens
1700 2350 2066 2421 debladabit
2123 2366 2189 2421 et
2239 2354 2488 2423 fructus
2528 2366 2695 2423 terre
2742 2352 2917 2424 illius
2970 2353 3033 2424 in

783 2466 1045 2555 grangia
1100 2463 1376 2535 dotalicii
1420 2477 1713 2554 reponet,
1762 2479 1822 2534 et
1866 2464 2081 2535 licebit
2139 2467 2198 2536 ei
2240 2464 2328 2534 ibi
2373 2469 2605 2537 habere
2646 2467 3033 2538 servientem

786 2603 972 2650 suum
1008 2602 1211 2671 usque
1249 2582 1328 2649 ad
1372 2577 1620 2648 instans
1659 2583 1889 2648 testum
1929 2582 2238 2649 Omnium
2276 2583 2678 2664 Sanctorum,
2724 2580 2830 2672 qui
2883 2605 3034 2673 ger-

782 2696 897 2764 bas
929 2717 1079 2763 suas
1108 2694 1448 2763 etbladum
1478 2716 1664 2761 sunm
1707 2691 2028 2762 custodiat
2084 2692 2344 2763 ibidem.
2385 2698 2630 2765 Extunc
2658 2718 2808 2765 vero
2839 2696 3037 2768 nicbil

783 2808 870 2878 ibi
921 2810 1000 2878 de
1041 2832 1161 2879 suo
1202 2807 1584 2889 remanebit,
1627 2805 1824 2877 immo
1882 2805 2187 2878 stramina
2227 2822 2290 2878 et
2342 2808 2611 2898 sorragia
2674 2811 2922 2881 decano
2964 2825 3025 2883 et

783 2923 1062 3014 capitulo
1103 2925 1551 3003 remanebunt,
1597 2925 1718 2991 sub
1756 2921 2162 2993 estimatione
2217 2938 2427 2994 tamen
2469 2937 2532 2995 et
2573 2924 2835 2996 arbitrio
2877 2927 3027 2995 boni

782 3036 941 3120 viri;
985 3039 1197 3106 claves
1230 3049 1443 3106 autem
1485 3035 1860 3105 columbarii
1903 3050 1967 3105 et
2005 3034 2201 3106 totius
2233 3035 2633 3128 herbergagii
2673 3036 2889 3108 statim
2931 3041 3036 3108 de-

783 3173 943 3220 cano
982 3164 1048 3220 et
1086 3149 1366 3240 capitulo
1406 3152 1763 3229 tradentur,
1797 3147 1989 3218 salvis
2028 3162 2240 3219 tamen
2282 3150 2491 3220 eidem
2528 3152 2791 3221 domine
2833 3151 3037 3221 mobi-

785 3265 951 3333 libus
1014 3263 1147 3334 sive
1204 3257 1505 3333 omnibus
1555 3285 1679 3352 que
1730 3265 1806 3333 ad
1852 3285 2119 3353 presens
2179 3263 2263 3332 ibi
2326 3267 2543 3346 habet,
2601 3264 2884 3355 exceptis
2924 3288 3033 3336 co-

784 3375 1043 3445 lumbiS.
1145 3380 1348 3465 Super
1432 3374 1735 3465 predictis
1817 3388 2030 3445 autem
2120 3375 2655 3446 conventionibus
2767 3381 3034 3448 firmiter

784 3491 1205 3560 observandis
1237 3488 1664 3579 prenominati
1699 3487 2044 3579 Dyonisius
2086 3503 2150 3559 et
2174 3489 2475 3580 Dyonisia
2518 3492 2707 3560 fidem
2750 3491 2810 3560 in
2842 3515 3030 3562 manu

785 3617 1000 3674 nostra
1044 3602 1458 3693 prestiterunt
1499 3604 1922 3693 corporalem.
1975 3607 2273 3674 Decanus
2327 3618 2540 3676 autem
2582 3619 2646 3675 et
2684 3605 3029 3695 capitulum

785 3740 981 3807 super
1019 3717 1142 3786 hiis
1185 3716 1426 3787 litteras
1460 3719 1707 3787 tradere
1759 3719 1854 3786 eis
1910 3730 2211 3788 tenentur
2257 3716 2471 3808 sigillo
2524 3741 2642 3788 suo
2697 3718 3025 3809 sigillatas„

784 3836 1005 3900 Actum
1047 3853 1217 3901 anno
1255 3829 1510 3900 Domini
1544 3827 1887 3899 millesimo
1919 3832 2367 3902 ducentesimo
2408 3831 2740 3903 tricesimo
2779 3847 3024 3928 quartu,

792 3967 1013 4018 mense
1054 3943 1237 4040 julio,
