3485 5571
1406 660 1728 723 -21-

433 787 561 858 vivi
584 786 888 870 nemoris,
922 784 1397 878 reddituum1et]
1420 785 1885 857 forisfactorum
1910 789 2224 856 concedet
2247 786 2307 856 in
2325 789 2432 876 jus
2453 788 2691 878 praesati

433 901 630 972 Girvii
663 914 725 973 et
766 901 1109 992 cujuslibet
1150 900 1537 971 hereditario
1569 903 1711 992 jure
1749 899 1869 969 sibi
1911 903 2348 972 succedentis.
2384 904 2693 992 Verump·

434 1031 657 1086 tamen
699 1014 759 1083 in
804 1028 1054 1083 mortuo
1098 1036 1389 1093 nemore,
1433 1028 1556 1083 tam
1599 1015 1679 1083 de
1720 1012 2064 1083 forisfactis
2105 1037 2297 1103 quarn
2336 1017 2415 1084 de
2477 1014 2692 1084 reddi-

430 1136 612 1201 tibus
652 1142 896 1199 rectam
925 1143 1191 1219 uterque
1227 1127 1532 1219 percipiet
1576 1131 2013 1199 medietatem.
2050 1130 2227 1200 Sicut
2275 1153 2429 1221 ergo
2470 1147 2692 1222 praeta-

430 1261 653 1315 xatum
691 1258 818 1325 est,
863 1257 1244 1334 praeposttus
1281 1247 1531 1312 Sanctae
1576 1242 1821 1328 CruciS,
1854 1243 1960 1333 qui
1993 1241 2164 1314 vices
2222 1244 2482 1335 capituli
2527 1246 2690 1316 obti-

434 1374 572 1442 net,
615 1373 683 1429 et
713 1356 985 1442 Girvius,
1022 1380 1251 1427 nemus
1293 1359 1371 1427 de
1441 1360 1750 1449 Salangur
1819 1356 2254 1448 possidentes,
2324 1362 2483 1429 alter
2546 1359 2687 1432 sine

432 1473 695 1545 licentia
734 1471 995 1543 alterius
1030 1495 1159 1542 non
1205 1470 1437 1562 poterit
1467 1471 1806 1561 quicquam
1851 1475 1929 1542 de
1954 1495 2215 1542 nemore
2243 1473 2351 1543 illo
2385 1476 2687 1560 vendere,

435 1590 618 1669 dare,
661 1602 767 1658 aut
800 1586 1089 1678 quolibet
1127 1587 1253 1655 alio
1294 1588 1486 1656 modo
1526 1588 1813 1672 demere,
1857 1586 1983 1658 nisi
2035 1589 2116 1658 ad
2181 1611 2335 1659 suos
2398 1589 2689 1681 proprios

436 1726 597 1773 usus
623 1704 795 1774 etad
839 1725 952 1773 sua
994 1700 1251 1793 propria
1292 1699 1580 1771 aedilicia.
1618 1705 1708 1771 Ad
1779 1724 2008 1772 nemus
2047 1717 2259 1773 autem
2312 1717 2435 1773 tam
2479 1704 2685 1773 vivum

435 1840 633 1907 quam
675 1832 995 1887 mortuum
1045 1814 1543 1885 custodiendum
1609 1814 1934 1905 proprium
1999 1829 2264 1906 uterque
2327 1816 2690 1908 designabit

432 1929 854 2014 serventiem,
898 1944 962 1999 et
1001 1931 1159 1999 alter
1216 1952 1248 1998 a
1287 1928 1603 1999 serviente
1661 1928 1923 1998 alterius
1988 1944 2462 2000 sacramentum
2521 1931 2689 2002 acci-

433 2045 592 2138 piet,
641 2048 809 2135 quod
853 2043 1057 2114 fidelis
1099 2041 1221 2113 sibi
1263 2042 1547 2113 fueritin
1586 2057 1762 2133 parte
1795 2067 1909 2113 sua
1941 2046 2385 2115 custodienda.
2453 2050 2688 2116 Postea

433 2183 590 2232 vero
629 2159 997 2230 fidelitatem
1050 2156 1280 2227 sacient
1319 2161 1447 2249 ipsi
1514 2156 1867 2229 servientes
1932 2158 2277 2250 praeposito
2329 2174 2394 2230 et
2452 2158 2682 2229 Girvio.

433 2283 666 2347 Actum
728 2298 897 2345 anno
954 2278 1032 2344 ab
1091 2273 1529 2346 incarnatione
1617 2274 1874 2346 Domini
1952 2278 2290 2359 MCLVlIII,
2379 2274 2689 2346 ordinatis

434 2389 498 2460 in
529 2389 809 2461 ecclesia
847 2393 1097 2459 Sanctae
1138 2387 1359 2459 Crucis
1386 2388 1731 2478 maioribus
1766 2389 2058 2480 personis
2093 2393 2383 2461 lobanne
2414 2392 2684 2470 decano,

434 2504 764 2576 Willelmo
840 2517 1262 2594 praecentore,
1328 2501 1628 2574 Zacharia
1707 2506 2103 2584 subdecano,
2178 2508 2441 2594 Hugone
2515 2503 2690 2595 capi-

436 2641 642 2691 certo.

1523 2933 1603 2992 XI

1125 3187 1352 3271 [Apres
1394 3188 1455 3249 le
1502 3187 1591 3247 1⁰¹·
1634 3184 1814 3263 aottt]
1866 3183 2026 3246 1153

439 3423 775 3493 Reglement
807 3420 906 3473 des
929 3416 1103 3472 droits
1132 3417 1209 3471 du
1237 3416 1412 3470 maire
1465 3413 1685 3481 Albert,
1722 3412 1811 3466 fils
1841 3411 1910 3465 de
1968 3412 2186 3478 Pierre,
2242 3415 2296 3464 et
2353 3409 2692 3465 declaration

507 3535 621 3591 que
653 3518 706 3572 13
734 3515 931 3570 mairie
959 3513 1103 3568 n’est
1138 3512 1452 3566 nullement
1469 3507 1828 3563 hereditaire.

1180 3657 1371 3728 (Copie
1402 3656 1472 3711 de
1504 3655 1721 3725 Baluze‚
1755 3671 1808 3726 p.
1841 3653 1955 3719 88.)

533 3872 607 3937 In
648 3860 908 3933 nornine
946 3872 1186 3930 sanctae
1211 3871 1276 3926 et
1306 3852 1650 3924 individuae
1677 3803 1978 3968 Tritaaitis,
2009 3854 2138 3942 Ego
2158 3855 2420 3941 Symon,
2443 3853 2693 3919 Sancta}

446 3979 669 4051 Crucis
708 3973 1185 4049 Aurelianensis
1226 3974 1536 4054 decanus,
1568 3982 1632 4038 et
1669 3980 1843 4039 totus
1878 3968 2170 4057 ejusdem
2199 3962 2491 4035 ecclesiae
2544 3986 2695 4033 con—

448 4110 702 4174 ventus,
752 4105 974 4161 notum
1015 4088 1287 4159 facimus
1318 4099 1443 4155 tam
1486 4081 1713 4152 tuturis
1776 4104 1965 4171 quam
2030 4078 2418 4150 instantibus
2492 4080 2687 4166 quod,

451 4217 598 4300 post
636 4210 979 4278 decessum
1019 4204 1210 4282 Petri,
1254 4197 1515 4290 maioris
1552 4195 1781 4278 nostri,
1811 4194 1975 4265 inter
2014 4218 2135 4264 nos
2164 4208 2227 4265 et
2291 4193 2490 4261 filium
2552 4194 2693 4281 ejus

452 4326 771 4393 Albertnm
816 4319 1025 4388 habita
1054 4329 1153 4387 est
1199 4309 1543 4385 contencio
1606 4313 1686 4379 de
1736 4308 2120 4400 quibusdam
2183 4330 2326 4396 quae
2395 4304 2457 4374 in
2527 4318 2693 4374 terra

456 4451 668 4507 nostra
695 4433 926 4505 sivein
966 4428 1340 4501 hominibus
1371 4425 1680 4496 violenter
1714 4438 1779 4493 et
1826 4426 2063 4513 injuste
2118 4420 2370 4509 exigere
2436 4418 2686 4488 videba-

460 4568 578 4620 tur.
616 4549 963 4639 Recognita
1000 4559 1215 4616 autem
1248 4555 1395 4633 post
1416 4543 1648 4609 multas
1679 4535 2147 4618 tribulationes,
2171 4538 2305 4603 Deo
2327 4531 2692 4612 auxiliante,

457 4663 718 4752 justicia
752 4676 992 4742 nostra,
1039 4674 1271 4730 terram
1311 4677 1500 4745 qnam
1549 4654 2062 4744 praedecessores
2096 4647 2192 4718 sui
2247 4650 2414 4736 apud
2479 4648 2696 4714 Scalas
