3485 5571
1378 677 1736 745 —349-

434 823 768 900 presentes
806 807 1054 881 litteras
1086 811 1164 880 ad
1193 807 1571 901 petitionem
1596 807 1916 881 dictarum
1938 810 2211 899 partium
2245 807 2458 900 sigillo
2500 811 2680 881 curie

435 922 916 995 Aurelianensis
947 921 1217 994 lecimus
1247 921 1559 995 roborari.
1600 928 1833 994 Actum
1863 945 2035 994 anno
2061 921 2319 994 Domini
2360 925 2676 995 MCCXXX

435 1051 686 1123 octavo,
728 1060 952 1110 mense
990 1038 1343 1109 decembri.

1464 1405 1653 1467 CCLV

1297 1707 1329 1767 7
1362 1705 1623 1786 janvier
1665 1703 1825 1769 1239

428 1961 615 2017 Vento
641 1978 715 2016 au
739 1962 991 2034 chapitre
1036 1978 1138 2035 par
1173 1963 1229 2020 le
1256 1964 1438 2037 doyen
1489 1964 1697 2021 Lebert
1724 1962 1796 2019 de
1847 1963 1879 2017 4
1932 1970 2161 2036 arpents
2208 1964 2278 2019 de
2317 1962 2507 2034 vignes
2548 1978 2681 2018 avec

498 2058 749 2129 pressoir
777 2060 908 2130 pres
936 2058 989 2114 la
1026 2059 1312 2130 banlieue,
1360 2076 1488 2116 vers
1535 2060 2131 2133 Fleury-aux-Choux‚
2178 2074 2327 2132 pour
2370 2058 2480 2115 120
2512 2058 2680 2114 livres

501 2170 730 2226 parrms.

571 2296 748 2370 (Orig.
780 2315 828 2356 s.
856 2301 1047 2371 pareh.
1081 2300 1249 2356 Arch.
1282 2300 1360 2356 du
1389 2300 1595 2370 Loiret,
1633 2300 1700 2357 G.
1731 2299 1879 2368 3763
1912 2299 2163 2356 mention
2193 2298 2537 2370 Scriptum.)

512 2544 648 2635 Ego
687 2547 1016 2629 LebertuS,
1053 2544 1529 2616 Aurelianensis
1563 2548 1878 2630 decanus,
1920 2559 2142 2617 notum
2175 2544 2339 2617 facio
2378 2543 2680 2617 omnibus

424 2668 557 2727 tam
597 2658 1005 2748 presentibus
1031 2682 1223 2750 quam
1259 2658 1491 2730 futuris
1522 2662 1691 2750 quod
1718 2682 1841 2749 ego
1878 2658 2131 2731 vendidi
2173 2658 2455 2750 capitulo
2482 2663 2677 2731 Aure-

423 2768 703 2843 lianensi
744 2796 856 2865 pro
887 2784 1148 2845 centum
1178 2771 1601 2866 vigintilihris
1632 2773 2113 2866 parisiensium,
2149 2776 2230 2845 de
2268 2773 2506 2864 quibus
2534 2797 2678 2846 sum

425 2897 726 2977 pagatus,
762 2900 1035 2978 quatuor
1059 2902 1325 2980 arpenta
1356 2886 1680 2960 vinearum
1711 2912 1857 2961 eum
1890 2887 2240 2981 pressorio,
2275 2890 2443 2979 apud
2476 2886 2679 2959 bauli-

426 3024 569 3072 vam
612 3023 835 3074 versus
857 3001 1211 3076 Floriaoum
1246 3003 1390 3086 sita,
1433 3005 1516 3074 de
1552 3001 1788 3095 quibus
1829 3001 1953 3073 dixi
1997 3015 2059 3074 et
2097 3000 2363 3093 promisi
2405 3000 2525 3073 tria
2582 3024 2681 3073 ar·

428 3127 627 3207 penta
664 3118 744 3186 ab
782 3118 965 3188 omni
989 3139 1188 3190 censu
1216 3130 1281 3189 et
1312 3116 1559 3189 decima
1591 3115 1791 3188 libera
1825 3138 1974 3188 esse
2002 3132 2068 3186 et
2107 3114 2344 3206 quieta,
2376 3128 2677 3207 quartum

423 3251 579 3300 vero
609 3228 738 3300 dixi
776 3252 924 3302 esse
949 3234 1031 3302 de
1069 3231 1318 3306 decima
1357 3233 1650 3323 ejusdem
1677 3229 1938 3322 capituli
1969 3244 2034 3302 et
2064 3233 2144 3301 de
2178 3252 2380 3301 censu
2412 3230 2668 3301 illorum

423 3342 533 3433 qui
580 3342 884 3415 dicuntur
934 3344 1288 3417 Latroilles.
1347 3343 1617 3416 Promisi
1664 3357 1897 3416 *autem
1936 3343 2146 3415 eidem
2187 3343 2469 3436 capitulo
2507 3347 2682 3434 quod

424 3459 505 3529 de
543 3462 769 3532 eadem
805 3458 1174 3532 venditione
1196 3458 1547 3552 legitimam
1574 3458 1632 3531 ei
1659 3459 1885 3531 faciam
1927 3461 2281 3550 garentiam
2313 3461 2393 3529 ad
2427 3481 2587 3529 usus
2613 3473 2678 3531 et

424 3575 933 3645 consuetudines
949 3575 1465 3647 Aurelianenses.
1488 3578 1710 3647 Actum
1730 3596 1901 3645 anno
1916 3571 2175 3645 Domini
2198 3575 2678 3660 MCCXXXVIH,

424 3684 493 3755 in
535 3686 821 3759 crastino
855 3688 1249 3780 Epiphanie.
