3485 5571
1755 688 1835 726 ε-
1877 673 1995 738 178
2041 709 2113 722 -

820 789 1108 879 Manasse
1147 804 1465 897 capicerio
1527 802 2003 875 Aurelianensis
2055 803 2333 875 ecclesie
2383 805 2639 886 factam,
2679 799 2960 871 libenter
2997 797 3070 871 et

811 920 1162 992 liberaliter
1201 918 1525 1001 concessi,
1567 932 1630 990 et
1686 917 1753 987 in
1794 923 1867 988 ea
1907 916 2197 989 libertate
2240 917 2307 986 i'n
2362 939 2484 1006 qua
2541 938 2681 986 eam
2737 912 3056 984 manasses

816 1033 1289 1106 Aurelianensis
1326 1032 1671 1125 episcopus
1698 1046 1764 1103 et
1791 1033 2210 1124 predecessor
2237 1052 2424 1101 meus
2467 1031 2818 1100 Herbertus
2857 1026 3059 1098 archi-

809 1148 1122 1221 diaconus
1175 1148 1270 1219 eis
1318 1146 1770 1239 possidendam
1828 1160 2319 1230 concesserunt,
2386 1142 2554 1215 sicut
2611 1141 2675 1212 in
2720 1139 3052 1212 autentico

804 1269 1026 1334 eorum
1055 1260 1296 1353 scripto
1336 1263 1727 1332 continetur.
1771 1261 1901 1350 Ego
1927 1265 2211 1350 quoqne,
2244 1278 2460 1329 amore
2489 1260 2712 1354 ‘eorum
2743 1261 2810 1326 et
2852 1252 3062 1346 p're‘ci-

804 1380 926 1447 bus
966 1377 1291 1461 inductus,
1322 1389 1391 1444 ut
1424 1379 1564 1445 eam
1592 1373 1859 1465 pacifice
1913 1387 1976 1444 et
2027 1373 2416 1443 inconcusse
2446 1368 2751 1461 quamdiu
2794 1366 3063 1440 vixerint

805 1489 1182 1582 possideant
1242 1486 1437 1572 volui,
1499 1484 1797 1558 concessi
1854 1499 1916 1557 et
1981 1485 2352 1578 approbavi,
2431 1485 2496 1556 e't
2557 1481 3059 1556 concessionem

804 1623 1013 1675 meam
1054 1601 1243 1694 sigilli
1298 1600 1421 1673 mei
1460 1605 1791 1706 karactere
1830 1600 2144 1672 roboravi.
2191 1601 2416 1670 Actum
2443 1601 2612 1670 an'no
2641 1599 2722 1669 ab
2767 1595 3066 1668 incarna-

818 1719 994 1789 tione
1033 1715 1291 1788 Domini
1330 1718 1689 1787 MCLXXIX.

1845 2110 2021 2172 XCVI

1860 2403 2022 2468 1179

1091 2683 1283 2739 Lettre
1312 2683 1620 2740 semblable
1656 2683 1724 2738 de
1757 2682 2069 2748 Bouchard,
2102 2681 2446 2738 archidiacre
2467 2683 2779 2739 d‘Orleans.

1270 2855 1459 2927 (Or-ig.
1487 2872 1535 2911 s.
1578 2855 1770 2926 parch.
1801 2854 1972 2911 Arch.
2005 2853 2081 2909 du
2110 2855 2326 2925 Loiret,
2355 2852 2416 2910 G.
2447 2853 2597 2922 321).

908 3121 1039 3209 Ego
1086 3122 1516 3204 BurcharduS‚
1548 3118 1824 3191 ecclesie
1864 3117 2276 3190 carnotensis
2315 3117 2735 3190 cancellarius
2773 3132 2838 3190 et
2868 3123 3066 3190 Aure-

820 3231 1130 3303 lianensis
1185 3232 1698 3318 archidiaconus,
1744 3231 2060 3303 universis
2122 3235 2203 3303 ad
2244 3255 2406 3322 quos
2457 3246 2789 3325 presentes
2850 3234 3068 3304 littere

818 3347 1199 3418 devenerint
1256 3362 1477 3419 notum
1540 3349 1678 3419 fieri
1740 3350 1885 3419 volo
1942 3349 2111 3438 quod
2168 3346 2578 3418 donationem
2643 3347 2923 3419 ecclesie
2990 3348 3068 3417 de

824 3461 1168 3546 Chilleriis,
1222 3460 1661 3533 dilectissimis
1700 3461 2202 3553 consanguineis
2250 3477 2314 3534 et
2337 3462 2566 3533 amicis
2609 3462 2773 3533 meis
2817 3460 3066 3554 Hugoni

822 3580 1069 3648 decano
1127 3591 1191 3647 et
1242 3581 1530 3648 Manasse
1584 3575 1902 3668 capicerio
1942 3575 2416 3647 Aurelianensis
2472 3579 2753 3648 ecclesie
2804 3579 3067 3659 factam,

823 3691 1099 3760 libenter
1136 3704 1200 3761 et
1241 3688 1585 3761 liberaliter
1635 3689 1961 3775 concessi,
2012 3688 2168 3761 etin
2218 3711 2293 3761 ea
2333 3688 2622 3760 libertate
2660 3688 2725 3759 in
2764 3713 2888 3780 qua
2927 3711 3068 3761 eam

824 3806 1190 3897 Ma[nasses]
1244 3803 1720 3876 Aurelianensis
1760 3803 2106 3896 episcopus
2144 3818 2208 3875 et
2246 3805 2669 3894 predecessor
2697 3825 2880 3874 meus
2923 3807 3072 3873 Her-

787 3910 1045 3989 ¹bertus
1085 3917 1580 3990 archidiaconus
1621 3918 1715 3989 eis
1758 3918 2217 4010 possidendam
2271 3930 2738 3988 concesserunt
2791 3914 2961 3987 sicut
3007 3917 3067 3984 in

823 4030 1147 4102 autentico
1187 4054 1411 4104 eorum
1444 4031 1684 4123 scripto
1711 4032 2098 4103 continetur.
2125 4034 2254 4122 Ego
2279 4053 2561 4123 quoque,
2596 4053 2815 4104 amore
2843 4051 3067 4101 eorum

825 4162 888 4218 et
932 4145 1229 4237 precibus
1271 4144 1594 4233 inductuS‚
1642 4161 1711 4218 ut
1748 4170 1889 4218 eam
1934 4147 2196 4239 pacifice
2225 4160 2290 4217 et
2320 4145 2711 4218 incuncusse
2766 4142 3066 4235 quamdin

772 4330 776 4333 Α
830 4259 1094 4331 viverint
1132 4261 1504 4351 possideant
1564 4260 1759 4345 volui,
1802 4259 2190 4359 concessiet
2215 4260 2561 4352 approbavi
2600 4272 2664 4330 et
2701 4260 3069 4330 concessio-

827 4397 971 4444 nem
1010 4397 1219 4445 meam
1255 4373 1442 4466 sigilli
1494 4373 1618 4446 mei
1653 4378 1985 4446 karactere
2034 4372 2347 4446 roboravi.
2390 4380 2611 4445 Actum
2644 4395 2814 4444 anno
2844 4374 2926 4443 ab
2975 4369 3068 4440 in·

829 4487 1202 4559 carnatione
1230 4488 1485 4560 Domini
1525 4490 1884 4560 MCLXXIX.
