3485 5571
1731 689 2091 753 ——342-

783 817 1252 895 Aurelianensi‚
1307 818 1387 886 de
1439 815 1703 907 speciali
1757 820 2055 888 mandato
2093 816 2419 889 karissimi
2460 817 2661 888 nostri
2707 818 3025 901 Ludovici,

782 929 958 1020 regis
995 933 1378 1001 Francorum
1408 930 1697 1019 illustris,
1734 933 2089 1016 concessit,
2122 931 2319 1002 voluit
2347 947 2411 1004 et
2444 930 2745 1013 laudavit,
2772 943 2860 1016 et,
2882 955 3025 1002 cum

781 1046 1112 1137 proprium
1161 1042 1441 1135 sigillum
1495 1066 1623 1115 non
1679 1047 1971 1129 haberet,
2024 1067 2143 1116 nos
2194 1044 2439 1135 rogavit
2500 1059 2568 1115 ut
2626 1045 3028 1137 presentibus

782 1158 1012 1229 litteris
1055 1158 1335 1248 sigillum
1372 1171 1662 1228 nostrum
1712 1180 2211 1249 apponeremus.
2268 1163 2396 1230 Nos
2436 1182 2609 1242 vero,
2636 1159 2839 1251 ipsius
2891 1182 3029 1251 pre·

781 1271 965 1344 cibus
990 1284 1383 1356 annuentes,
1415 1271 1477 1341 in
1506 1274 1701 1363 hujus
1730 1271 1821 1344 rei
1854 1271 2296 1344 testimonium
2353 1273 2760 1365 presentibus
2802 1273 3029 1345 litteris

781 1384 1061 1477 sigillum
1109 1398 1400 1457 nostrum
1439 1387 1733 1459 duximus
1774 1389 2253 1479 apponendum.
2299 1393 2524 1460 Actum
2566 1390 2735 1481 apud
2776 1387 3026 1459 Curiam

781 1499 922 1584 Dei,
959 1522 1128 1571 anno
1166 1498 1422 1572 Domini
1464 1503 1618 1571 MCC
1659 1500 1984 1573 tricesimo
2025 1513 2234 1586 sexto,
2276 1523 2500 1572 mense
2539 1502 2893 1573 decembri.

1763 1838 2047 1900 CCXLIX

1638 2112 1997 2176 Decembre
2028 2112 2187 2177 1236

781 2370 985 2427 L’abbe
1013 2372 1083 2426 de
1112 2372 1165 2428 la
1193 2368 1514 2427 Cour-Dieu
1553 2370 1889 2425 abandonne
1918 2386 1992 2425 au
2017 2370 2267 2441 chapitre
2307 2371 2359 2424 la
2390 2369 2710 2441 cinquieme
2733 2371 2913 2441 partie
2937 2371 3032 2426 des

853 2467 924 2522 48
977 2473 1206 2539 arpents
1255 2467 1324 2521 de
1379 2472 1525 2522 terre
1556 2466 1624 2521 de
1656 2467 1925 2537 Luyeres,
1976 2466 2114 2523 dont
2170 2466 2403 2537 Hugues
2427 2465 2506 2520 Le
2552 2467 2867 2545 Bouteiller
2893 2467 3032 2523 avait

854 2564 1069 2635 gratifici
1093 2580 1196 2619 son
1221 2568 1479 2620 convent.
2340 2576 2344 2580 *

786 2711 968 2784 (Orig.
1020 2729 1068 2767 s.
1119 2711 1310 2783 par-ch.
1362 2710 1534 2766 Arch.
1583 2710 1659 2764 du
1707 2709 1917 2781 Loiret,
1960 2708 2026 2763 G.
2078 2707 2205 2764 492.
2252 2738 2316 2750 ·-
2361 2709 2528 2780 Copie
2567 2708 2688 2765 Bib.
2730 2710 2859 2765 Nat.
2894 2711 3029 2765 Coll.

1131 2808 1359 2864 Moreau
1394 2808 1496 2863 152
1527 2827 1539 2861 :
1573 2807 1682 2879 39;
1723 2808 1943 2878 d’apres
1971 2807 2023 2862 le
2054 2807 2372 2874 cartulaire,
2404 2807 2450 2862 p
2478 2807 2548 2863 29
2578 2812 2684 2874 νο.)

845 2930 1009 3002 (Pub.
1041 2930 1326 2986 Bulletins
1356 2930 1425 2984 de
1456 2931 1516 2984 la
1543 2927 1667 2984 Soc.
1700 2926 1965 2985 Archeol.
2000 2926 2067 2982 de
2096 2928 2455 2997 ΙὈνῑέαηαιε,
2487 2934 2524 2984 t.
2559 2928 2706 2997 VIII,
2739 2945 2794 2999 p.
2825 2928 2979 2997 511.)

877 3145 1200 3220 Universis
1222 3160 1553 3238 presentes
1577 3144 2253 3237 litterasinspecturiS‚
2283 3148 2476 3216 frater
2504 3150 2605 3216 W.
2637 3147 3034 3237 (sic),dictus

787 3265 985 3333 abbas
1020 3261 1205 3332 Curie
1245 3261 1385 3345 Dei,
1430 3275 1733 3351 totusque
1765 3261 2055 3351 ejusdem
2088 3258 2211 3331 loci
2245 3273 2601 3332 conventus
2634 3262 2909 3333 salutern
2968 3259 3027 3330 in

787 3374 1087 3447 Domino.
1132 3378 1359 3446 Notum
1398 3374 1670 3446 tacimus
1710 3377 1879 3465 quod
1913 3396 2059 3445 cum
2101 3378 2278 3464 Hugo
2320 3373 2770 3457 Buticularius,
2816 3373 3019 3456 mileS‚

790 3489 1076 3581 quintam
1139 3503 1383 3580 partem
1436 3492 1501 3558 in
1561 3487 1986 3579 quadraginta
2034 3502 2097 3559 et
2160 3503 2311 3559 octo
2352 3490 2640 3579 arpentis
2673 3501 2848 3559 terre
2888 3510 3025 3570 sue,

790 3626 919 3675 uno
959 3602 1283 3693 quarterio
1315 3603 1553 3688 minus,
1599 3623 1723 3692 que
1765 3603 1846 3672 de
1892 3602 2196 3672 mandato
2232 3600 2476 3672 domini
2518 3600 2688 3692 regis
2727 3602 2807 3671 ad
2870 3623 3032 3692 opus

789 3719 1121 3809 cujusdam
1155 3718 1511 3809 capellanie
1545 3718 1835 3787 faciende
1868 3714 2250 3798 Aurelianis,
2285 3714 2626 3787 occasione
2654 3714 3025 3786 clericorum

789 3834 1302 3913 interfectorum,
1335 3830 1613 3921 capitulo
1643 3827 2084 3899 Aurelianensi
2125 3827 2449 3918 assignata
2488 3844 2638 3898 sunt
2676 3842 2739 3899 et
2778 3828 3024 3911 tradita,

791 3946 979 4018 nobis
1019 3948 1085 4015 iu
1126 3944 1543 4016 elemosinam
1594 3943 1999 4025 contulisset,
2085 3965 2227 4028 noS,
2295 3945 2374 4013 ad
2430 3964 2653 4032 preces
2707 3942 2859 4013 dicti
2912 3947 3029 4013 Hu-

796 4059 1004 4151 goniS,
1083 4059 1468 4151 quitavimus
1531 4057 1787 4150 penitus
1849 4059 2136 4147 quintam
2211 4072 2452 4148 partem
2511 4067 2677 4127 terre
2738 4057 3026 4148 superius

790 4188 1138 4246 memorate
1208 4174 1486 4265 capitulo
1524 4172 1914 4264 supradicto.
1949 4175 2017 4241 ln
2050 4173 2238 4262 cujus
2268 4170 2358 4242 rei
2399 4168 2838 4240 testimonium
2893 4193 3021 4261 pre·

790 4289 1080 4360 sentibus
1138 4287 1366 4358 litteris
1446 4287 1726 4378 sigillum
1810 4298 2100 4358 nostrum
2168 4287 2464 4356 duximus
2549 4287 3023 4377 apponendum.

789 4408 1015 4475 Actum
1055 4426 1226 4475 anno
1260 4401 1512 4473 Domini
1549 4404 1703 4473 MCC
1738 4399 2065 4473 tricesimo
2103 4412 2307 4483 sexto,
2339 4421 2560 4470 mense
2586 4397 2940 4470 decembri.
