3485 5571
1809 667 1880 678 --
1927 632 2047 697 524
2086 667 2162 680 —

852 783 1132 852 cumque
1170 760 1439 831 istorum
1483 764 1769 832 locorum
1801 760 1924 851 ipsi
1966 763 2060 832 vel
2119 759 2568 831 ministeriales
2612 782 2839 831 eorum
2883 759 3105 850 placita

852 899 966 946 sua
1008 889 1225 947 tenere
1259 876 1598 957 voluerint,
1650 889 1777 945 tam
1822 874 1886 944 in
1947 877 2159 946 duello
2201 898 2389 965 quam
2450 874 2514 944 in
2578 873 2722 944 aliis
2774 874 3105 963 justiciam

850 1010 1058 1073 suam,
1088 986 1254 1058 sicut
1284 1003 1436 1079 aput
1464 987 1802 1058 Maziacum
1834 992 2096 1071 habent,
2128 988 2372 1079 integre
2399 1001 2462 1058 et
2485 989 2628 1057 sine
2666 986 2884 1078 aliqua
2926 985 3109 1056 dimi·

851 1100 1129 1172 nucione
1179 1100 1264 1171 ibi
1296 1105 1646 1173 habebunt.
1692 1105 1878 1189 Quod
1928 1102 1981 1173 si
2022 1126 2142 1192 ego
2194 1106 2289 1172 vel
2344 1124 2766 1172 successores
2825 1100 2955 1171 mei
3018 1103 3110 1171 eis

844 1213 1168 1306 justiciam
1202 1216 1374 1286 sicut
1416 1215 1775 1307 predictum
1826 1230 1923 1286 est
1960 1240 2087 1286 non
2123 1218 2619 1306 garantiremus,
2662 1237 2927 1298 omneS‚
2985 1229 3110 1283 tam

851 1351 927 1401 ex
955 1352 1079 1399 uua
1133 1342 1311 1420 parte
1349 1328 1489 1400 Cari
1531 1354 1719 1420 quam
1776 1353 1849 1400 ex
1888 1333 2083 1401 altera
2122 1353 2254 1421 que
2298 1328 2361 1398 in
2403 1343 2567 1399 terra
2614 1333 2852 1399 Sancte
2888 1328 3111 1399 Crucis

851 1441 1302 1536 possessiones
1332 1447 1682 1528 habebunt,
1721 1459 1875 1536 aput
1906 1446 2243 1515 Maziacum
2275 1443 2339 1514 in
2381 1446 2557 1514 curia
2599 1466 2714 1514 sua
2749 1445 2830 1514 de
2861 1442 3108 1515 eisdem

852 1556 1374 1648 possessionibus
1398 1556 1845 1648 justiciabunt.
1878 1563 2105 1629 Verum
2131 1556 2184 1628 si
2217 1557 2384 1628 inter
2410 1580 2529 1628 nos
2560 1559 2655 1626 vel
2687 1580 3109 1629 successores

853 1686 1110 1743 nostros
1169 1686 1234 1743 et
1286 1671 1616 1743 dominum
1670 1673 2148 1744 Graciasensem
2211 1694 2505 1763 guerram
2545 1693 2698 1742 esse
2735 1670 3100 1762 contigerit,

851 1784 945 1857 eis
974 1808 1140 1876 quos
1168 1787 1246 1855 ad
1272 1783 1594 1875 justiciam
1618 1809 1799 1856 suam
1827 1788 2308 1857 submonebuot
2340 1785 2403 1855 in
2445 1787 2661 1855 eundo
2694 1798 2759 1855 et
2780 1787 3106 1856 redeundo

855 1902 1095 1969 bonum
1156 1901 1395 1970 dabunt
1457 1902 1877 1985 conductum,
1947 1916 2056 1970 aut
2114 1923 2318 1990 usque
2381 1901 2459 1969 ad
2492 1912 2750 1990 tempus
2794 1897 2972 1988 pacis
3012 1903 3101 1968 vel

856 2025 1078 2103 treuge
1105 2012 1422 2095 different,
1471 2016 1563 2084 vel
1598 2036 1671 2084 ex
1706 2017 1901 2085 altera
1940 2027 2117 2105 parte
2152 2011 2319 2084 tluvii
2347 2011 2671 2104 justiciam
2714 2035 2903 2083 suam
2942 2025 3106 2084 tene-

853 2128 1038 2196 bunt.
1085 2130 1158 2198 Ut
1210 2140 1426 2197 autem
1486 2148 1609 2218 que
1676 2130 2066 2219 supradicta
2105 2140 2258 2198 sunt
2334 2129 2576 2198 nostris
2647 2140 2713 2196 et
2744 2140 3102 2196 nostrorum

854 2262 1310 2310 suceessorum
1398 2239 1795 2332 temporibus
1884 2246 2062 2313 firma
2143 2254 2583 2334 permaneant,
2650 2237 2848 2332 sigilli
2916 2240 3101 2311 nostri

854 2352 1190 2425 actoritate
1231 2353 1503 2425 lecimus
1541 2356 1965 2427 corroborari.

1794 2696 2175 2758 CCCLXXIX

1731 2998 2034 3072 OrleanS‚
2066 2998 2243 3062 1171.

854 3227 1131 3298 L'eveque
1160 3227 1415 3282 Manasse
1446 3228 1679 3282 necorde
1709 3228 1742 3283 δ
1767 3227 2173 3294 Salute-croix,
2207 3243 2277 3282 en
2320 3227 2566 3297 &change
2598 3225 2670 3280 de
2719 3227 2776 3281 la
2803 3230 2954 3280 terre
2981 3224 3101 3278 d'un

930 3324 1048 3377 sert
1076 3324 1303 3380 nomme
1334 3326 1593 3393 Breteau,
1627 3325 1854 3378 achetee
1879 3324 1986 3380 100
2015 3324 2179 3379 livres
2210 3339 2312 3394 par
2340 3323 2392 3378 le
2421 3322 2684 3393 chapitre‚
2715 3322 2922 3394 quinte
2950 3322 3101 3375 livres

931 3419 999 3474 de
1036 3425 1196 3474 rente
1228 3420 1325 3474 des
1355 3420 1630 3474 oblations
1661 3421 1729 3474 de
1781 3421 2198 3475 l’anniversaire
2237 3420 2305 3473 de
2337 3419 2504 3474 Louis
2532 3419 2633 3473 v11
2667 3423 2723 3472 et
2765 3418 2835 3472 de
2874 3420 2929 3472 la
2957 3418 3102 3471 reine

926 3515 965 3570 C
978 3519 1278 3585 onstance3
1313 3517 1365 3571 le
1394 3516 1646 3587 chapitre
1691 3515 1978 3571 celebrere
2020 3516 2523 3587 perpetuellement
2566 3513 2990 3569 l'anniversaire
3037 3512 3102 3567 de

925 3612 1200 3683 Manasse‚
1233 3612 1301 3667 de
1330 3629 1421 3667 ses
1446 3613 1580 3683 pere
1605 3617 1660 3667 et
1690 3614 1867 3680 mere,
1899 3613 2050 3670 etde
2081 3629 2186 3668 son
2215 3613 2374 3667 oncle
2405 3613 2455 3667 le
2481 3611 2660 3681 doyen
2690 3610 2946 3665 Etienne.

1067 3757 1244 3829 (Orig.
1276 3774 1324 3816 s,
1352 3759 1546 3830 par-ch.
1572 3759 1739 3814 Arch.
1773 3757 1851 3813 du
1882 3758 2089 3828 Loiret,
2128 3759 2194 3814 G.
2224 3774 2237 3826 ;
2272 3757 2521 3813 mention
2547 3756 2898 3826 Scriptum.)

943 3966 1011 4032 ln
1070 3962 1330 4033 nomine
1385 3976 1605 4032 sancte
1658 3976 1723 4031 et
1773 3960 2100 4032 individue
2151 3957 2507 4043 Trinitatis,
2573 3963 2800 4029 Amen.
2876 3961 3100 4029 Contra

853 4075 1137 4165 ignatum
1165 4075 1406 4145 homini
1435 4074 1781 4146 oblivionis
1800 4078 2118 4146 defectum
2142 4086 2394 4164 reperto
2429 4072 2780 4144 litterarum
2820 4072 3100 4141 remedio

854 4193 1128 4258 humana
1201 4193 1534 4279 suppletur
1617 4188 2074 4269 insufficentia,
2140 4202 2205 4258 ut
2265 4191 2430 4278 quosl
2494 4186 2730 4276 fragilis
2797 4189 3094 4255 memoria

857 4318 1074 4372 tenere
1142 4325 1268 4372 non
1338 4306 1616 4393 prevalet
1670 4301 1866 4372 vivaci
1935 4302 2144 4371 littera
2221 4303 2605 4390 producatur
2667 4299 2730 4367 in
2787 4314 3093 4389 posteros.

853 4418 1202 4506 Eapropter
1239 4439 1359 4506 ego
1390 4420 1738 4497 Manasses,
1769 4413 1883 4486 Dei
1923 4414 2120 4506 gratia
2168 4411 2641 4485 Aurelianensis
2681 4411 2897 4482 dictus
2937 4410 3099 4502 epis-

857 4551 1084 4619 copuS‚
1150 4529 1431 4620 presenti
1496 4529 1722 4624 pagina
1786 4543 2010 4601 uotum
2056 4527 2191 4601 fieri
2255 4532 2395 4600 volo
2458 4541 2585 4598 tam
2645 4525 2878 4597 tuturis
2916 4547 3095 4617 quam

857 4645 1292 4735 presentibus,
1361 4646 1532 4736 quod
1589 4642 1805 4716 dilecti
1864 4642 1975 4714 filii
2024 4643 2149 4716 mei
2214 4642 2508 4716 canonici
2574 4645 2809 4713 Sancte
2881 4640 3097 4711 Crucis
