<?xml version="1.0" encoding="UTF-8"?>
<!DOCTYPE html PUBLIC "-//W3C//DTD XHTML 1.0 Transitional//EN"
    "http://www.w3.org/TR/xhtml1/DTD/xhtml1-transitional.dtd">
<html xmlns="http://www.w3.org/1999/xhtml" xml:lang="en" lang="en">
 <head>
  <title>
</title>
<meta http-equiv="Content-Type" content="text/html;charset=utf-8" />
  <meta name='ocr-system' content='tesseract 3.04.00' />
  <meta name='ocr-capabilities' content='ocr_page ocr_carea ocr_par ocr_line ocrx_word'/>
</head>
<body>
  <div class='ocr_page' id='page_1' title='image "./cartulairedesai00thilgoog_0440.png"; bbox 0 0 3485 5571; ppageno 0'>
   <div class='ocr_carea' id='block_1_1' title="bbox 1761 654 2118 718">
    <p class='ocr_par' dir='ltr' id='par_1_1' title="bbox 1761 654 2118 718">
     <span class='ocr_line' id='line_1_1' title="bbox 1761 654 2118 718; baseline -0.003 -16"><span class='ocrx_word' id='word_1_1' title='bbox 1761 654 2118 718; x_wconf 76' lang='lat'><strong>-260-</strong></span> 
     </span>
    </p>
   </div>
   <div class='ocr_carea' id='block_1_2' title="bbox 804 784 3069 3935">
    <p class='ocr_par' dir='ltr' id='par_1_2' title="bbox 804 784 3069 3935">
     <span class='ocr_line' id='line_1_2' title="bbox 804 784 3056 879; baseline 0 -22"><span class='ocrx_word' id='word_1_2' title='bbox 804 785 989 879; x_wconf 86' lang='lat' dir='ltr'><strong>junio</strong></span> <span class='ocrx_word' id='word_1_3' title='bbox 1019 807 1208 876; x_wconf 88' lang='lat' dir='ltr'><strong>quam</strong></span> <span class='ocrx_word' id='word_1_4' title='bbox 1248 786 1315 855; x_wconf 90' lang='lat' dir='ltr'><strong>in</strong></span> <span class='ocrx_word' id='word_1_5' title='bbox 1342 787 1538 857; x_wconf 85' lang='lat' dir='ltr'><strong>altera</strong></span> <span class='ocrx_word' id='word_1_6' title='bbox 1578 806 1703 875; x_wconf 88' lang='lat' dir='ltr'><strong>que</strong></span> <span class='ocrx_word' id='word_1_7' title='bbox 1762 804 1988 855; x_wconf 90' lang='lat' dir='ltr'><strong>mense</strong></span> <span class='ocrx_word' id='word_1_8' title='bbox 2041 784 2401 855; x_wconf 85' lang='lat' dir='ltr'><strong>celebratur</strong></span> <span class='ocrx_word' id='word_1_9' title='bbox 2430 784 2802 875; x_wconf 78' lang='lat' dir='ltr'><strong>septembri,</strong></span> <span class='ocrx_word' id='word_1_10' title='bbox 2846 788 3056 858; x_wconf 87' lang='lat' dir='ltr'><strong>dictos</strong></span> 
     </span>
     <span class='ocr_line' id='line_1_3' title="bbox 813 895 3056 991; baseline 0 -20"><span class='ocrx_word' id='word_1_11' title='bbox 813 904 1127 973; x_wconf 87' lang='lat' dir='ltr'><strong>decanum</strong></span> <span class='ocrx_word' id='word_1_12' title='bbox 1167 912 1233 972; x_wconf 89' lang='lat' dir='ltr'><strong>et</strong></span> <span class='ocrx_word' id='word_1_13' title='bbox 1277 900 1629 991; x_wconf 86' lang='lat' dir='ltr'><strong>capitulum</strong></span> <span class='ocrx_word' id='word_1_14' title='bbox 1682 910 1748 971; x_wconf 92' lang='lat' dir='ltr'><strong>et</strong></span> <span class='ocrx_word' id='word_1_15' title='bbox 1801 895 2078 970; x_wconf 79' lang='lat' dir='ltr'><strong>ecclesie</strong></span> <span class='ocrx_word' id='word_1_16' title='bbox 2135 919 2253 970; x_wconf 88' lang='lat' dir='ltr'><strong>sue</strong></span> <span class='ocrx_word' id='word_1_17' title='bbox 2290 896 2588 969; x_wconf 80' lang='lat' dir='ltr'><strong>nutritios</strong></span> <span class='ocrx_word' id='word_1_18' title='bbox 2647 900 2725 970; x_wconf 91' lang='lat' dir='ltr'><strong>ad</strong></span> <span class='ocrx_word' id='word_1_19' title='bbox 2766 913 3056 972; x_wconf 89' lang='lat' dir='ltr'><strong>nostrum</strong></span> 
     </span>
     <span class='ocr_line' id='line_1_4' title="bbox 816 1010 3058 1087; baseline 0 -1"><span class='ocrx_word' id='word_1_20' title='bbox 816 1012 1273 1087; x_wconf 85' lang='lat' dir='ltr'><strong>monasterium</strong></span> <span class='ocrx_word' id='word_1_21' title='bbox 1316 1010 1605 1084; x_wconf 87' lang='lat' dir='ltr'><strong>divinum</strong></span> <span class='ocrx_word' id='word_1_22' title='bbox 1635 1011 1871 1083; x_wconf 86' lang='lat' dir='ltr'><strong>ibidem</strong></span> <span class='ocrx_word' id='word_1_23' title='bbox 1899 1013 2338 1084; x_wconf 80' lang='lat' dir='ltr'><strong>celebraturos</strong></span> <span class='ocrx_word' id='word_1_24' title='bbox 2366 1010 2649 1083; x_wconf 86' lang='lat' dir='ltr'><strong>officium</strong></span> <span class='ocrx_word' id='word_1_25' title='bbox 2676 1017 3058 1087; x_wconf 89' lang='lat' dir='ltr'><strong>accedentes</strong></span> 
     </span>
     <span class='ocr_line' id='line_1_5' title="bbox 812 1125 3061 1221; baseline -0.001 -20"><span class='ocrx_word' id='word_1_26' title='bbox 812 1131 1067 1221; x_wconf 84' lang='lat' dir='ltr'><strong>expleto</strong></span> <span class='ocrx_word' id='word_1_27' title='bbox 1104 1126 1461 1219; x_wconf 83' lang='lat' dir='ltr'><strong>vigiliarum</strong></span> <span class='ocrx_word' id='word_1_28' title='bbox 1499 1125 1713 1198; x_wconf 87' lang='lat' dir='ltr'><strong>officio</strong></span> <span class='ocrx_word' id='word_1_29' title='bbox 1754 1127 2006 1197; x_wconf 90' lang='lat' dir='ltr'><strong>duobus</strong></span> <span class='ocrx_word' id='word_1_30' title='bbox 2047 1147 2389 1217; x_wconf 84' lang='lat' dir='ltr'><strong>procurare</strong></span> <span class='ocrx_word' id='word_1_31' title='bbox 2447 1139 2816 1198; x_wconf 89' lang='lat' dir='ltr'><strong>teneremur</strong></span> <span class='ocrx_word' id='word_1_32' title='bbox 2854 1131 3061 1200; x_wconf 87' lang='lat' dir='ltr'><strong>fercu-</strong></span> 
     </span>
     <span class='ocr_line' id='line_1_6' title="bbox 816 1238 3062 1333; baseline 0.001 -21"><span class='ocrx_word' id='word_1_33' title='bbox 816 1241 920 1329; x_wconf 88' lang='lat' dir='ltr'><strong>lis,</strong></span> <span class='ocrx_word' id='word_1_34' title='bbox 969 1263 1240 1333; x_wconf 88' lang='lat' dir='ltr'><strong>quorum</strong></span> <span class='ocrx_word' id='word_1_35' title='bbox 1283 1263 1482 1312; x_wconf 91' lang='lat' dir='ltr'><strong>unum</strong></span> <span class='ocrx_word' id='word_1_36' title='bbox 1506 1262 1579 1312; x_wconf 86' lang='lat' dir='ltr'><strong>ex</strong></span> <span class='ocrx_word' id='word_1_37' title='bbox 1616 1238 1766 1312; x_wconf 88' lang='lat' dir='ltr'><strong>vino</strong></span> <span class='ocrx_word' id='word_1_38' title='bbox 1805 1262 1966 1312; x_wconf 83' lang='lat' dir='ltr'><strong>sano</strong></span> <span class='ocrx_word' id='word_1_39' title='bbox 2011 1239 2284 1330; x_wconf 90' lang='lat' dir='ltr'><strong>libisque</strong></span> <span class='ocrx_word' id='word_1_40' title='bbox 2324 1243 2814 1326; x_wconf 79' lang='lat' dir='ltr'><strong>frumentaneiS,</strong></span> <span class='ocrx_word' id='word_1_41' title='bbox 2844 1265 2920 1313; x_wconf 81' lang='lat' dir='ltr'><strong>ex</strong></span> <span class='ocrx_word' id='word_1_42' title='bbox 2952 1264 3062 1314; x_wconf 90' lang='lat' dir='ltr'><strong>ne-</strong></span> 
     </span>
     <span class='ocr_line' id='line_1_7' title="bbox 813 1355 3060 1447; baseline 0 -21"><span class='ocrx_word' id='word_1_43' title='bbox 813 1355 983 1427; x_wconf 80' lang='lat' dir='ltr'><strong>bulis</strong></span> <span class='ocrx_word' id='word_1_44' title='bbox 1022 1367 1238 1427; x_wconf 90' lang='lat' dir='ltr'><strong>antem</strong></span> <span class='ocrx_word' id='word_1_45' title='bbox 1275 1367 1341 1427; x_wconf 93' lang='lat' dir='ltr'><strong>et</strong></span> <span class='ocrx_word' id='word_1_46' title='bbox 1380 1368 1636 1427; x_wconf 79' lang='lat' dir='ltr'><strong>nectare</strong></span> <span class='ocrx_word' id='word_1_47' title='bbox 1698 1366 1994 1426; x_wconf 82' lang='lat' dir='ltr'><strong>constare</strong></span> <span class='ocrx_word' id='word_1_48' title='bbox 2043 1356 2314 1444; x_wconf 88' lang='lat' dir='ltr'><strong>reliqum</strong></span> <span class='ocrx_word' id='word_1_49' title='bbox 2379 1357 2793 1439; x_wconf 88' lang='lat' dir='ltr'><strong>noscebatur,</strong></span> <span class='ocrx_word' id='word_1_50' title='bbox 2838 1356 3060 1447; x_wconf 90' lang='lat' dir='ltr'><strong>prefati</strong></span> 
     </span>
     <span class='ocr_line' id='line_1_8' title="bbox 816 1468 3057 1563; baseline 0.001 -23"><span class='ocrx_word' id='word_1_51' title='bbox 816 1474 1101 1541; x_wconf 88' lang='lat' dir='ltr'><strong>decanus</strong></span> <span class='ocrx_word' id='word_1_52' title='bbox 1157 1481 1222 1541; x_wconf 92' lang='lat' dir='ltr'><strong>et</strong></span> <span class='ocrx_word' id='word_1_53' title='bbox 1251 1468 1599 1561; x_wconf 87' lang='lat' dir='ltr'><strong>capitulum</strong></span> <span class='ocrx_word' id='word_1_54' title='bbox 1642 1482 1888 1539; x_wconf 90' lang='lat' dir='ltr'><strong>tantum</strong></span> <span class='ocrx_word' id='word_1_55' title='bbox 1946 1491 1979 1540; x_wconf 87' lang='lat' dir='ltr'><strong>a</strong></span> <span class='ocrx_word' id='word_1_56' title='bbox 2039 1468 2347 1541; x_wconf 90' lang='lat' dir='ltr'><strong>reddendi</strong></span> <span class='ocrx_word' id='word_1_57' title='bbox 2389 1472 2582 1541; x_wconf 90' lang='lat' dir='ltr'><strong>modo</strong></span> <span class='ocrx_word' id='word_1_58' title='bbox 2633 1493 2748 1541; x_wconf 90' lang='lat' dir='ltr'><strong>seu</strong></span> <span class='ocrx_word' id='word_1_59' title='bbox 2813 1468 3057 1563; x_wconf 87' lang='lat' dir='ltr'><strong>specie,</strong></span> 
     </span>
     <span class='ocr_line' id='line_1_9' title="bbox 814 1580 3062 1672; baseline 0.002 -22"><span class='ocrx_word' id='word_1_60' title='bbox 814 1581 1143 1654; x_wconf 88' lang='lat' dir='ltr'><strong>intellectu</strong></span> <span class='ocrx_word' id='word_1_61' title='bbox 1202 1580 1546 1672; x_wconf 89' lang='lat' dir='ltr'><strong>purissimo</strong></span> <span class='ocrx_word' id='word_1_62' title='bbox 1614 1603 1896 1671; x_wconf 87' lang='lat' dir='ltr'><strong>sanaque</strong></span> <span class='ocrx_word' id='word_1_63' title='bbox 1949 1580 2346 1653; x_wconf 89' lang='lat' dir='ltr'><strong>conscientia</strong></span> <span class='ocrx_word' id='word_1_64' title='bbox 2390 1580 2849 1653; x_wconf 85' lang='lat' dir='ltr'><strong>monasterium</strong></span> <span class='ocrx_word' id='word_1_65' title='bbox 2911 1606 3062 1655; x_wconf 91' lang='lat' dir='ltr'><strong>nos-</strong></span> 
     </span>
     <span class='ocr_line' id='line_1_10' title="bbox 813 1694 3063 1787; baseline 0.001 -21"><span class='ocrx_word' id='word_1_66' title='bbox 813 1710 1007 1779; x_wconf 88' lang='lat' dir='ltr'><strong>trum,</strong></span> <span class='ocrx_word' id='word_1_67' title='bbox 1036 1697 1207 1787; x_wconf 89' lang='lat' dir='ltr'><strong>quod</strong></span> <span class='ocrx_word' id='word_1_68' title='bbox 1235 1696 1621 1767; x_wconf 82' lang='lat' dir='ltr'><strong>refectiones</strong></span> <span class='ocrx_word' id='word_1_69' title='bbox 1651 1695 2013 1766; x_wconf 87' lang='lat' dir='ltr'><strong>nominatas</strong></span> <span class='ocrx_word' id='word_1_70' title='bbox 2047 1694 2142 1766; x_wconf 90' lang='lat' dir='ltr'><strong>eis</strong></span> <span class='ocrx_word' id='word_1_71' title='bbox 2168 1694 2536 1766; x_wconf 89' lang='lat' dir='ltr'><strong>memoratis</strong></span> <span class='ocrx_word' id='word_1_72' title='bbox 2561 1699 2872 1768; x_wconf 86' lang='lat' dir='ltr'><strong>reddebat</strong></span> <span class='ocrx_word' id='word_1_73' title='bbox 2895 1711 3063 1768; x_wconf 91' lang='lat' dir='ltr'><strong>tem-</strong></span> 
     </span>
     <span class='ocr_line' id='line_1_11' title="bbox 814 1808 3066 1905; baseline 0.001 -24"><span class='ocrx_word' id='word_1_74' title='bbox 814 1808 1100 1902; x_wconf 86' lang='lat' dir='ltr'><strong>poribus,</strong></span> <span class='ocrx_word' id='word_1_75' title='bbox 1130 1812 1541 1881; x_wconf 90' lang='lat' dir='ltr'><strong>absolverunt</strong></span> <span class='ocrx_word' id='word_1_76' title='bbox 1571 1808 1786 1900; x_wconf 91' lang='lat' dir='ltr'><strong>ipsum</strong></span> <span class='ocrx_word' id='word_1_77' title='bbox 1806 1832 1842 1880; x_wconf 87' lang='lat' dir='ltr'><strong>a</strong></span> <span class='ocrx_word' id='word_1_78' title='bbox 1870 1810 2179 1881; x_wconf 89' lang='lat' dir='ltr'><strong>reddendi</strong></span> <span class='ocrx_word' id='word_1_79' title='bbox 2206 1831 2464 1900; x_wconf 82' lang='lat' dir='ltr'><strong>genere,</strong></span> <span class='ocrx_word' id='word_1_80' title='bbox 2501 1813 2713 1881; x_wconf 91' lang='lat' dir='ltr'><strong>taliter</strong></span> <span class='ocrx_word' id='word_1_81' title='bbox 2746 1809 2810 1880; x_wconf 92' lang='lat' dir='ltr'><strong>in</strong></span> <span class='ocrx_word' id='word_1_82' title='bbox 2843 1833 3066 1905; x_wconf 89' lang='lat' dir='ltr'><strong>perpe-</strong></span> 
     </span>
     <span class='ocr_line' id='line_1_12' title="bbox 811 1922 3065 2017; baseline 0.001 -23"><span class='ocrx_word' id='word_1_83' title='bbox 811 1936 994 1994; x_wconf 93' lang='lat' dir='ltr'><strong>tuum</strong></span> <span class='ocrx_word' id='word_1_84' title='bbox 1053 1945 1428 2016; x_wconf 84' lang='lat' dir='ltr'><strong>permanere</strong></span> <span class='ocrx_word' id='word_1_85' title='bbox 1465 1922 1855 2017; x_wconf 88' lang='lat' dir='ltr'><strong>liber[aliter]</strong></span> <span class='ocrx_word' id='word_1_86' title='bbox 1924 1927 2385 2009; x_wconf 89' lang='lat' dir='ltr'><strong>concedentes,</strong></span> <span class='ocrx_word' id='word_1_87' title='bbox 2431 1928 2604 2015; x_wconf 90' lang='lat' dir='ltr'><strong>quod</strong></span> <span class='ocrx_word' id='word_1_88' title='bbox 2663 1927 2732 1995; x_wconf 93' lang='lat' dir='ltr'><strong>in</strong></span> <span class='ocrx_word' id='word_1_89' title='bbox 2772 1925 3065 2017; x_wconf 90' lang='lat' dir='ltr'><strong>predicta</strong></span> 
     </span>
     <span class='ocr_line' id='line_1_13' title="bbox 812 2036 3063 2132; baseline 0.001 -22"><span class='ocrx_word' id='word_1_90' title='bbox 812 2054 1081 2130; x_wconf 85' lang='lat' dir='ltr'><strong>utraque</strong></span> <span class='ocrx_word' id='word_1_91' title='bbox 1146 2036 1558 2110; x_wconf 77' lang='lat' dir='ltr'><strong>festivitatum</strong></span> <span class='ocrx_word' id='word_1_92' title='bbox 1617 2036 1778 2129; x_wconf 88' lang='lat' dir='ltr'><strong>ipsis</strong></span> <span class='ocrx_word' id='word_1_93' title='bbox 1839 2040 2087 2110; x_wconf 89' lang='lat' dir='ltr'><strong>decano</strong></span> <span class='ocrx_word' id='word_1_94' title='bbox 2161 2050 2228 2110; x_wconf 88' lang='lat' dir='ltr'><strong>et</strong></span> <span class='ocrx_word' id='word_1_95' title='bbox 2281 2038 2563 2131; x_wconf 90' lang='lat' dir='ltr'><strong>capitulo</strong></span> <span class='ocrx_word' id='word_1_96' title='bbox 2638 2042 3063 2132; x_wconf 81' lang='lat' dir='ltr'><strong>quadraginta</strong></span> 
     </span>
     <span class='ocr_line' id='line_1_14' title="bbox 809 2149 3064 2245; baseline 0.002 -23"><span class='ocrx_word' id='word_1_97' title='bbox 809 2152 1094 2245; x_wconf 89' lang='lat' dir='ltr'><strong>quinque</strong></span> <span class='ocrx_word' id='word_1_98' title='bbox 1124 2151 1366 2223; x_wconf 88' lang='lat' dir='ltr'><strong>solidos</strong></span> <span class='ocrx_word' id='word_1_99' title='bbox 1407 2149 1857 2242; x_wconf 87' lang='lat' dir='ltr'><strong>parisiensium</strong></span> <span class='ocrx_word' id='word_1_100' title='bbox 1883 2174 1918 2222; x_wconf 99' lang='lat' dir='ltr'><strong>a</strong></span> <span class='ocrx_word' id='word_1_101' title='bbox 1958 2153 2348 2224; x_wconf 90' lang='lat' dir='ltr'><strong>monasterio</strong></span> <span class='ocrx_word' id='word_1_102' title='bbox 2387 2176 2559 2225; x_wconf 88' lang='lat' dir='ltr'><strong>anno</strong></span> <span class='ocrx_word' id='word_1_103' title='bbox 2600 2153 2888 2244; x_wconf 89' lang='lat' dir='ltr'><strong>quolibet</strong></span> <span class='ocrx_word' id='word_1_104' title='bbox 2921 2154 3064 2227; x_wconf 90' lang='lat' dir='ltr'><strong>sine</strong></span> 
     </span>
     <span class='ocr_line' id='line_1_15' title="bbox 810 2265 3058 2360; baseline 0 -21"><span class='ocrx_word' id='word_1_105' title='bbox 810 2270 1122 2339; x_wconf 87' lang='lat' dir='ltr'><strong>dilatione</strong></span> <span class='ocrx_word' id='word_1_106' title='bbox 1153 2269 1251 2338; x_wconf 92' lang='lat' dir='ltr'><strong>vel</strong></span> <span class='ocrx_word' id='word_1_107' title='bbox 1283 2269 1618 2338; x_wconf 88' lang='lat' dir='ltr'><strong>obstaculo</strong></span> <span class='ocrx_word' id='word_1_108' title='bbox 1658 2265 1919 2338; x_wconf 92' lang='lat' dir='ltr'><strong>nomine</strong></span> <span class='ocrx_word' id='word_1_109' title='bbox 1953 2265 2322 2338; x_wconf 84' lang='lat' dir='ltr'><strong>refectionis</strong></span> <span class='ocrx_word' id='word_1_110' title='bbox 2360 2265 2717 2359; x_wconf 85' lang='lat' dir='ltr'><strong>vigiliarum</strong></span> <span class='ocrx_word' id='word_1_111' title='bbox 2759 2280 3058 2360; x_wconf 86' lang='lat' dir='ltr'><strong>tempore</strong></span> 
     </span>
     <span class='ocr_line' id='line_1_16' title="bbox 813 2376 3061 2472; baseline -0.001 -21"><span class='ocrx_word' id='word_1_112' title='bbox 813 2381 1278 2472; x_wconf 85' lang='lat' dir='ltr'><strong>persolventur.</strong></span> <span class='ocrx_word' id='word_1_113' title='bbox 1311 2379 1485 2450; x_wconf 89' lang='lat' dir='ltr'><strong>Beati</strong></span> <span class='ocrx_word' id='word_1_114' title='bbox 1524 2401 1781 2470; x_wconf 88' lang='lat' dir='ltr'><strong>quoque</strong></span> <span class='ocrx_word' id='word_1_115' title='bbox 1819 2376 2155 2451; x_wconf 87' lang='lat' dir='ltr'><strong>Donatiani</strong></span> <span class='ocrx_word' id='word_1_116' title='bbox 2197 2377 2542 2451; x_wconf 88' lang='lat' dir='ltr'><strong>ecclesiam</strong></span> <span class='ocrx_word' id='word_1_117' title='bbox 2572 2382 2652 2451; x_wconf 88' lang='lat' dir='ltr'><strong>ad</strong></span> <span class='ocrx_word' id='word_1_118' title='bbox 2693 2403 2813 2452; x_wconf 89' lang='lat' dir='ltr'><strong>nos</strong></span> <span class='ocrx_word' id='word_1_119' title='bbox 2854 2380 3061 2471; x_wconf 89' lang='lat' dir='ltr'><strong>perti-</strong></span> 
     </span>
     <span class='ocr_line' id='line_1_17' title="bbox 812 2491 3065 2584; baseline -0 -20"><span class='ocrx_word' id='word_1_120' title='bbox 812 2510 1098 2576; x_wconf 87' lang='lat' dir='ltr'><strong>nentem,</strong></span> <span class='ocrx_word' id='word_1_121' title='bbox 1146 2515 1271 2584; x_wconf 90' lang='lat' dir='ltr'><strong>que</strong></span> <span class='ocrx_word' id='word_1_122' title='bbox 1311 2491 1723 2566; x_wconf 88' lang='lat' dir='ltr'><strong>refectionem</strong></span> <span class='ocrx_word' id='word_1_123' title='bbox 1753 2515 1944 2563; x_wconf 90' lang='lat' dir='ltr'><strong>unam</strong></span> <span class='ocrx_word' id='word_1_124' title='bbox 1976 2496 2226 2564; x_wconf 91' lang='lat' dir='ltr'><strong>duobus</strong></span> <span class='ocrx_word' id='word_1_125' title='bbox 2266 2506 2674 2565; x_wconf 88' lang='lat' dir='ltr'><strong>constantem</strong></span> <span class='ocrx_word' id='word_1_126' title='bbox 2704 2493 2970 2565; x_wconf 86' lang='lat' dir='ltr'><strong>ferculis</strong></span> <span class='ocrx_word' id='word_1_127' title='bbox 2999 2493 3065 2563; x_wconf 93' lang='lat' dir='ltr'><strong>in</strong></span> 
     </span>
     <span class='ocr_line' id='line_1_18' title="bbox 811 2605 3068 2699; baseline -0.001 -20"><span class='ocrx_word' id='word_1_128' title='bbox 811 2610 1102 2699; x_wconf 89' lang='lat' dir='ltr'><strong>ejusdem</strong></span> <span class='ocrx_word' id='word_1_129' title='bbox 1143 2606 1419 2678; x_wconf 80' lang='lat' dir='ltr'><strong>ecclesie</strong></span> <span class='ocrx_word' id='word_1_130' title='bbox 1458 2605 1800 2678; x_wconf 88' lang='lat' dir='ltr'><strong>festivitate</strong></span> <span class='ocrx_word' id='word_1_131' title='bbox 1834 2605 2162 2698; x_wconf 83' lang='lat' dir='ltr'><strong>prelibatis</strong></span> <span class='ocrx_word' id='word_1_132' title='bbox 2201 2609 2448 2678; x_wconf 86' lang='lat' dir='ltr'><strong>decano</strong></span> <span class='ocrx_word' id='word_1_133' title='bbox 2486 2620 2553 2679; x_wconf 93' lang='lat' dir='ltr'><strong>et</strong></span> <span class='ocrx_word' id='word_1_134' title='bbox 2590 2606 2867 2699; x_wconf 86' lang='lat' dir='ltr'><strong>capitulo</strong></span> <span class='ocrx_word' id='word_1_135' title='bbox 2894 2607 3068 2679; x_wconf 88' lang='lat' dir='ltr'><strong>suis-</strong></span> 
     </span>
     <span class='ocr_line' id='line_1_19' title="bbox 811 2718 3069 2814; baseline -0 -21"><span class='ocrx_word' id='word_1_136' title='bbox 811 2745 936 2814; x_wconf 89' lang='lat' dir='ltr'><strong>que</strong></span> <span class='ocrx_word' id='word_1_137' title='bbox 975 2719 1270 2792; x_wconf 88' lang='lat' dir='ltr'><strong>nutriciis</strong></span> <span class='ocrx_word' id='word_1_138' title='bbox 1294 2718 1621 2792; x_wconf 81' lang='lat' dir='ltr'><strong>annuatim</strong></span> <span class='ocrx_word' id='word_1_139' title='bbox 1667 2722 1937 2792; x_wconf 87' lang='lat' dir='ltr'><strong>reddere</strong></span> <span class='ocrx_word' id='word_1_140' title='bbox 1977 2723 2335 2808; x_wconf 88' lang='lat' dir='ltr'><strong>tenebatur,</strong></span> <span class='ocrx_word' id='word_1_141' title='bbox 2367 2724 2596 2793; x_wconf 91' lang='lat' dir='ltr'><strong>eodem</strong></span> <span class='ocrx_word' id='word_1_142' title='bbox 2636 2720 2966 2794; x_wconf 90' lang='lat' dir='ltr'><strong>intellectu</strong></span> <span class='ocrx_word' id='word_1_143' title='bbox 3003 2735 3069 2794; x_wconf 92' lang='lat' dir='ltr'><strong>et</strong></span> 
     </span>
     <span class='ocr_line' id='line_1_20' title="bbox 809 2832 3065 2926; baseline -0.001 -20"><span class='ocrx_word' id='word_1_144' title='bbox 809 2838 1034 2906; x_wconf 86' lang='lat' dir='ltr'><strong>eadem</strong></span> <span class='ocrx_word' id='word_1_145' title='bbox 1063 2837 1379 2905; x_wconf 83' lang='lat' dir='ltr'><strong>duxerunt</strong></span> <span class='ocrx_word' id='word_1_146' title='bbox 1416 2832 1814 2905; x_wconf 87' lang='lat' dir='ltr'><strong>conscientia</strong></span> <span class='ocrx_word' id='word_1_147' title='bbox 1839 2847 2086 2904; x_wconf 87' lang='lat' dir='ltr'><strong>tantum</strong></span> <span class='ocrx_word' id='word_1_148' title='bbox 2113 2855 2146 2903; x_wconf 90' lang='lat' dir='ltr'><strong>a</strong></span> <span class='ocrx_word' id='word_1_149' title='bbox 2172 2833 2482 2905; x_wconf 88' lang='lat' dir='ltr'><strong>reddendi</strong></span> <span class='ocrx_word' id='word_1_150' title='bbox 2510 2857 2748 2926; x_wconf 82' lang='lat' dir='ltr'><strong>genere</strong></span> <span class='ocrx_word' id='word_1_151' title='bbox 2771 2838 3065 2906; x_wconf 86' lang='lat' dir='ltr'><strong>relaxan-</strong></span> 
     </span>
     <span class='ocr_line' id='line_1_21' title="bbox 814 2947 3067 3040; baseline 0 -20"><span class='ocrx_word' id='word_1_152' title='bbox 814 2953 990 3036; x_wconf 92' lang='lat' dir='ltr'><strong>dum,</strong></span> <span class='ocrx_word' id='word_1_153' title='bbox 1028 2948 1322 3020; x_wconf 90' lang='lat' dir='ltr'><strong>similiter</strong></span> <span class='ocrx_word' id='word_1_154' title='bbox 1362 2949 1667 3040; x_wconf 90' lang='lat' dir='ltr'><strong>sepefatis</strong></span> <span class='ocrx_word' id='word_1_155' title='bbox 1704 2950 1950 3019; x_wconf 86' lang='lat' dir='ltr'><strong>decano</strong></span> <span class='ocrx_word' id='word_1_156' title='bbox 1983 2964 2049 3020; x_wconf 91' lang='lat' dir='ltr'><strong>et</strong></span> <span class='ocrx_word' id='word_1_157' title='bbox 2088 2947 2366 3040; x_wconf 88' lang='lat' dir='ltr'><strong>capitulo</strong></span> <span class='ocrx_word' id='word_1_158' title='bbox 2394 2948 2653 3039; x_wconf 83' lang='lat' dir='ltr'><strong>triginta</strong></span> <span class='ocrx_word' id='word_1_159' title='bbox 2684 2952 2934 3021; x_wconf 89' lang='lat' dir='ltr'><strong>solidos</strong></span> <span class='ocrx_word' id='word_1_160' title='bbox 2965 2973 3067 3021; x_wconf 89' lang='lat' dir='ltr'><strong>re·</strong></span> 
     </span>
     <span class='ocr_line' id='line_1_22' title="bbox 814 3060 3064 3156; baseline 0.001 -23"><span class='ocrx_word' id='word_1_161' title='bbox 814 3062 1115 3135; x_wconf 84' lang='lat' dir='ltr'><strong>fectionis</strong></span> <span class='ocrx_word' id='word_1_162' title='bbox 1166 3062 1425 3135; x_wconf 90' lang='lat' dir='ltr'><strong>nomine</strong></span> <span class='ocrx_word' id='word_1_163' title='bbox 1463 3064 1529 3132; x_wconf 91' lang='lat' dir='ltr'><strong>in</strong></span> <span class='ocrx_word' id='word_1_164' title='bbox 1566 3064 1857 3154; x_wconf 87' lang='lat' dir='ltr'><strong>ejusdem</strong></span> <span class='ocrx_word' id='word_1_165' title='bbox 1898 3061 2259 3134; x_wconf 79' lang='lat' dir='ltr'><strong>festivitatis</strong></span> <span class='ocrx_word' id='word_1_166' title='bbox 2292 3060 2521 3153; x_wconf 85' lang='lat' dir='ltr'><strong>vigiliis</strong></span> <span class='ocrx_word' id='word_1_167' title='bbox 2559 3063 2750 3136; x_wconf 88' lang='lat' dir='ltr'><strong>annis</strong></span> <span class='ocrx_word' id='word_1_168' title='bbox 2786 3064 3064 3156; x_wconf 86' lang='lat' dir='ltr'><strong>singulis</strong></span> 
     </span>
     <span class='ocr_line' id='line_1_23' title="bbox 814 3174 3067 3267; baseline 0 -18"><span class='ocrx_word' id='word_1_169' title='bbox 814 3180 1192 3249; x_wconf 90' lang='lat' dir='ltr'><strong>soluturam.</strong></span> <span class='ocrx_word' id='word_1_170' title='bbox 1227 3174 1570 3248; x_wconf 87' lang='lat' dir='ltr'><strong>Premissis</strong></span> <span class='ocrx_word' id='word_1_171' title='bbox 1591 3174 1805 3267; x_wconf 88' lang='lat' dir='ltr'><strong>itaque</strong></span> <span class='ocrx_word' id='word_1_172' title='bbox 1833 3190 1932 3247; x_wconf 92' lang='lat' dir='ltr'><strong>est</strong></span> <span class='ocrx_word' id='word_1_173' title='bbox 1962 3178 2336 3267; x_wconf 88' lang='lat' dir='ltr'><strong>adjunctum</strong></span> <span class='ocrx_word' id='word_1_174' title='bbox 2381 3179 2551 3267; x_wconf 89' lang='lat' dir='ltr'><strong>quod</strong></span> <span class='ocrx_word' id='word_1_175' title='bbox 2581 3176 2750 3249; x_wconf 90' lang='lat' dir='ltr'><strong>sicut</strong></span> <span class='ocrx_word' id='word_1_176' title='bbox 2788 3201 3067 3250; x_wconf 87' lang='lat' dir='ltr'><strong>consue-</strong></span> 
     </span>
     <span class='ocr_line' id='line_1_24' title="bbox 819 3289 3067 3382; baseline 0 -19"><span class='ocrx_word' id='word_1_177' title='bbox 819 3304 1046 3363; x_wconf 89' lang='lat' dir='ltr'><strong>verunt</strong></span> <span class='ocrx_word' id='word_1_178' title='bbox 1088 3290 1151 3360; x_wconf 89' lang='lat' dir='ltr'><strong>in</strong></span> <span class='ocrx_word' id='word_1_179' title='bbox 1195 3289 1548 3381; x_wconf 89' lang='lat' dir='ltr'><strong>prenotatis</strong></span> <span class='ocrx_word' id='word_1_180' title='bbox 1599 3289 2045 3361; x_wconf 81' lang='lat' dir='ltr'><strong>festivitatibus</strong></span> <span class='ocrx_word' id='word_1_181' title='bbox 2094 3304 2223 3360; x_wconf 89' lang='lat' dir='ltr'><strong>tam</strong></span> <span class='ocrx_word' id='word_1_182' title='bbox 2258 3293 2337 3361; x_wconf 90' lang='lat' dir='ltr'><strong>ad</strong></span> <span class='ocrx_word' id='word_1_183' title='bbox 2378 3304 2771 3382; x_wconf 78' lang='lat' dir='ltr'><strong>pretaxatam</strong></span> <span class='ocrx_word' id='word_1_184' title='bbox 2804 3316 3067 3365; x_wconf 89' lang='lat' dir='ltr'><strong>monas-</strong></span> 
     </span>
     <span class='ocr_line' id='line_1_25' title="bbox 819 3406 3066 3499; baseline 0.001 -21"><span class='ocrx_word' id='word_1_185' title='bbox 819 3413 1055 3479; x_wconf 89' lang='lat' dir='ltr'><strong>terium</strong></span> <span class='ocrx_word' id='word_1_186' title='bbox 1088 3431 1279 3498; x_wconf 87' lang='lat' dir='ltr'><strong>quam</strong></span> <span class='ocrx_word' id='word_1_187' title='bbox 1318 3410 1396 3478; x_wconf 90' lang='lat' dir='ltr'><strong>ad</strong></span> <span class='ocrx_word' id='word_1_188' title='bbox 1428 3406 1772 3479; x_wconf 89' lang='lat' dir='ltr'><strong>ecclesiam</strong></span> <span class='ocrx_word' id='word_1_189' title='bbox 1804 3408 2176 3499; x_wconf 89' lang='lat' dir='ltr'><strong>prelibatam</strong></span> <span class='ocrx_word' id='word_1_190' title='bbox 2218 3410 2297 3479; x_wconf 89' lang='lat' dir='ltr'><strong>ad</strong></span> <span class='ocrx_word' id='word_1_191' title='bbox 2343 3411 2800 3480; x_wconf 89' lang='lat' dir='ltr'><strong>celebrandum</strong></span> <span class='ocrx_word' id='word_1_192' title='bbox 2851 3409 2920 3479; x_wconf 91' lang='lat' dir='ltr'><strong>in</strong></span> <span class='ocrx_word' id='word_1_193' title='bbox 2971 3408 3066 3482; x_wconf 90' lang='lat' dir='ltr'><strong>eis</strong></span> 
     </span>
     <span class='ocr_line' id='line_1_26' title="bbox 818 3520 3067 3612; baseline 0 -19"><span class='ocrx_word' id='word_1_194' title='bbox 818 3537 946 3593; x_wconf 89' lang='lat' dir='ltr'><strong>tam</strong></span> <span class='ocrx_word' id='word_1_195' title='bbox 986 3521 1327 3592; x_wconf 88' lang='lat' dir='ltr'><strong>missarum</strong></span> <span class='ocrx_word' id='word_1_196' title='bbox 1393 3521 1770 3611; x_wconf 87' lang='lat' dir='ltr'><strong>sollempnia</strong></span> <span class='ocrx_word' id='word_1_197' title='bbox 1831 3544 2022 3612; x_wconf 87' lang='lat' dir='ltr'><strong>quam</strong></span> <span class='ocrx_word' id='word_1_198' title='bbox 2082 3520 2328 3612; x_wconf 82' lang='lat' dir='ltr'><strong>vigilias</strong></span> <span class='ocrx_word' id='word_1_199' title='bbox 2386 3525 2719 3594; x_wconf 90' lang='lat' dir='ltr'><strong>accedent.</strong></span> <span class='ocrx_word' id='word_1_200' title='bbox 2766 3527 2957 3609; x_wconf 85' lang='lat' dir='ltr'><strong>Quod</strong></span> <span class='ocrx_word' id='word_1_201' title='bbox 2999 3539 3067 3594; x_wconf 90' lang='lat' dir='ltr'><strong>ut</strong></span> 
     </span>
     <span class='ocr_line' id='line_1_27' title="bbox 822 3634 3066 3728; baseline 0.001 -22"><span class='ocrx_word' id='word_1_202' title='bbox 822 3651 1043 3707; x_wconf 90' lang='lat' dir='ltr'><strong>notum</strong></span> <span class='ocrx_word' id='word_1_203' title='bbox 1074 3649 1139 3707; x_wconf 88' lang='lat' dir='ltr'><strong>et</strong></span> <span class='ocrx_word' id='word_1_204' title='bbox 1179 3634 1406 3706; x_wconf 87' lang='lat' dir='ltr'><strong>stabile</strong></span> <span class='ocrx_word' id='word_1_205' title='bbox 1436 3648 1801 3725; x_wconf 88' lang='lat' dir='ltr'><strong>perseveret</strong></span> <span class='ocrx_word' id='word_1_206' title='bbox 1852 3650 2185 3726; x_wconf 88' lang='lat' dir='ltr'><strong>presentes</strong></span> <span class='ocrx_word' id='word_1_207' title='bbox 2230 3634 2475 3707; x_wconf 87' lang='lat' dir='ltr'><strong>litteras</strong></span> <span class='ocrx_word' id='word_1_208' title='bbox 2513 3635 2868 3728; x_wconf 82' lang='lat' dir='ltr'><strong>sigillorum</strong></span> <span class='ocrx_word' id='word_1_209' title='bbox 2912 3661 3066 3710; x_wconf 88' lang='lat' dir='ltr'><strong>nos·</strong></span> 
     </span>
     <span class='ocr_line' id='line_1_28' title="bbox 816 3748 3068 3843; baseline 0 -21"><span class='ocrx_word' id='word_1_210' title='bbox 816 3763 1061 3822; x_wconf 91' lang='lat' dir='ltr'><strong>trorum</strong></span> <span class='ocrx_word' id='word_1_211' title='bbox 1091 3750 1445 3820; x_wconf 90' lang='lat' dir='ltr'><strong>munimine</strong></span> <span class='ocrx_word' id='word_1_212' title='bbox 1483 3749 1756 3820; x_wconf 80' lang='lat' dir='ltr'><strong>fecimus</strong></span> <span class='ocrx_word' id='word_1_213' title='bbox 1782 3748 2091 3820; x_wconf 89' lang='lat' dir='ltr'><strong>roborari.</strong></span> <span class='ocrx_word' id='word_1_214' title='bbox 2137 3755 2362 3821; x_wconf 73' lang='lat' dir='ltr'><strong>Actum</strong></span> <span class='ocrx_word' id='word_1_215' title='bbox 2399 3773 2570 3822; x_wconf 88' lang='lat' dir='ltr'><strong>anno</strong></span> <span class='ocrx_word' id='word_1_216' title='bbox 2599 3749 2809 3843; x_wconf 83' lang='lat' dir='ltr'><strong>gracie</strong></span> <span class='ocrx_word' id='word_1_217' title='bbox 2847 3750 3068 3823; x_wconf 49' lang='lat' dir='ltr'><strong>millen</strong></span> 
     </span>
     <span class='ocr_line' id='line_1_29' title="bbox 818 3862 2030 3935; baseline -0.001 -1"><span class='ocrx_word' id='word_1_218' title='bbox 818 3862 984 3935; x_wconf 91' lang='lat' dir='ltr'><strong>simo</strong></span> <span class='ocrx_word' id='word_1_219' title='bbox 1009 3863 1455 3935; x_wconf 89' lang='lat' dir='ltr'><strong>ducentesimo</strong></span> <span class='ocrx_word' id='word_1_220' title='bbox 1481 3877 1706 3935; x_wconf 87' lang='lat' dir='ltr'><strong>octavo</strong></span> <span class='ocrx_word' id='word_1_221' title='bbox 1751 3863 2030 3935; x_wconf 89' lang='lat' dir='ltr'><strong>decimo.</strong></span> 
     </span>
    </p>
   </div>
  </div>
 </body>
</html>
