3485 5571
1326 721 1401 731 —
1444 686 1556 749 301
1607 721 1684 730 -

345 810 679 884 constitui
710 835 858 904 erga
900 816 1213 884 decanum
1252 827 1317 884 et
1358 815 1712 903 capitulum
1756 823 2142 883 memoratos
2182 814 2306 882 tide
2341 810 2624 903 interpo-

344 929 476 998 sita
524 926 920 1018 promittens
958 929 1130 1017 quod
1166 926 1380 997 omnia
1422 926 1790 1017 supradicta
1831 924 2017 997 dictis
2064 928 2309 997 decano
2343 944 2407 997 et
2446 923 2631 1015 capi-

344 1044 493 1111 tnlo
576 1054 707 1111 tam
747 1057 972 1113 contra
1010 1062 1238 1112 omnes
1281 1054 1491 1132 partes
1534 1062 1724 1129 quam
1754 1062 1908 1130 erga
1948 1038 2273 1110 dominam
2314 1039 2481 1111 feodi
2531 1040 2628 1109 vel

345 1154 671 1228 dominos
701 1152 1111 1248 garentirem.
1142 1152 1324 1225 Volui
1357 1152 1546 1225 etiam
1587 1167 1651 1224 et
1676 1154 1976 1226 concessi
1995 1157 2118 1226 fide
2138 1151 2346 1225 media
2369 1155 2542 1243 quod
2572 1150 2628 1224 si

346 1268 706 1341 carissima
738 1283 938 1340 mater
975 1290 1115 1339 mea
1156 1281 1441 1339 moveret
1503 1289 1697 1358 super
1748 1266 2080 1358 premissis
2144 1267 2631 1340 contentionem

347 1398 599 1454 contra
640 1386 959 1455 decanum
1000 1395 1066 1453 et
1103 1379 1454 1474 capitulum
1492 1396 1884 1454 memoratos
1923 1396 1989 1453 et
2027 1383 2205 1474 ipsos
2247 1384 2527 1453 traheret
2565 1380 2627 1451 in

348 1518 635 1567 causam
664 1519 881 1569 coram
907 1494 1256 1567 venerabili
1282 1510 1458 1587 patre
1484 1492 1792 1587 episcopo
1812 1494 2254 1567 Aurelianensi
2281 1497 2380 1567 vel
2410 1517 2628 1567 coram

346 1632 784 1701 quocumque
812 1609 938 1682 alio
961 1608 1206 1700 judice,
1236 1623 1567 1700 quamtum
1609 1612 1688 1680 de
1722 1608 2061 1701 premissis
2099 1608 2441 1681 occasione
2457 1612 2632 1700 ejus·

352 1727 513 1796 dem
553 1724 780 1796 matris
821 1747 963 1796 mee
1003 1723 1194 1795 dictis
1233 1727 1478 1796 decano
1516 1738 1579 1795 et
1612 1724 1894 1816 capitulo
1936 1747 2047 1817 per
2077 1727 2184 1815 jus
2224 1726 2632 1797 subtrahere-

357 1851 473 1908 tur
514 1860 642 1930 ego
677 1836 848 1910 dicte
889 1837 1072 1909 matri
1117 1860 1259 1909 mee
1284 1839 1364 1908 ad
1402 1836 1595 1908 vitam
1639 1859 1819 1909 suain
1861 1840 1960 1910 vel
1990 1836 2116 1930 ipsi
2153 1837 2433 1930 capitulo
2487 1851 2632 1909 tan-

360 1954 671 2024 tumdem
715 1955 795 2024 de
834 1974 980 2024 meo
1034 1952 1288 2044 proprio
1350 1951 1414 2021 in
1479 1951 1809 2043 parrochia
1871 1955 1950 2024 de
2009 1950 2312 2024 Fontanis
2380 1967 2633 2024 tenerer

360 2065 716 2149 resarcire,
761 2080 829 2138 et
890 2066 1068 2158 ipsos
1130 2066 1394 2138 omnino
1423 2088 1807 2138 conservare
1853 2065 2237 2158 indempnes
2276 2068 2626 2140 dummodo

365 2183 668 2253 decanus
710 2180 1184 2253 Aurelianensis
1224 2183 1320 2252 vel
1372 2182 1538 2251 alius
1577 2180 1683 2270 qui
1737 2183 1880 2252 loco
1935 2184 2073 2272 ejus
2124 2186 2502 2254 succederet
2560 2186 2631 2252 in

362 2294 541 2366 dieta
572 2318 768 2366 causa
800 2293 1138 2366 interesset
1176 2297 1316 2366 loco
1350 2294 1472 2366 mei
1503 2297 1600 2367 vel
1641 2296 1806 2365 alius
1855 2296 2244 2386 quicumque
2301 2319 2489 2386 quem
2552 2298 2632 2367 ad

362 2409 494 2477 hoc
527 2404 742 2478 dictus
779 2409 1062 2477 decanus
1094 2409 1358 2478 duceret
1383 2409 1821 2479 statuendum.
1849 2410 1943 2479 De
1974 2410 2097 2480 hoc
2123 2406 2314 2478 etiam
2343 2429 2377 2478 a
2409 2429 2511 2479 me
2530 2410 2633 2478 sn·-

368 2519 572 2592 miter
628 2523 1029 2592 observando
1095 2543 1323 2593 omnes
1386 2520 1729 2613 supradicti
1791 2523 2203 2611 fidejussores
2259 2522 2624 2593 extiterunt.

372 2632 662 2726 Sepelati
691 2646 904 2706 autem
946 2638 1230 2706 decanus
1268 2648 1333 2706 et
1357 2634 1705 2726 capitulum
1738 2633 1933 2706 michi
1992 2639 2157 2707 bona
2197 2637 2322 2706 tide
2361 2658 2631 2708 conces-

373 2762 612 2819 serunt
647 2751 819 2839 quod
853 2750 919 2819 in
951 2751 1275 2840 pressorio
1315 2750 1485 2840 quod
1526 2752 1605 2820 ab
1637 2747 1799 2841 ipsis
1830 2751 1898 2819 in
1930 2748 2100 2820 dicta
2140 2752 2332 2822 domo
2374 2772 2489 2822 sua
2551 2753 2631 2823 de

372 2862 684 2934 Fontanis
731 2876 1145 2935 construetur
1215 2887 1346 2936 non
1414 2863 1541 2934 nisi
1600 2862 1893 2935 ascinum
1970 2865 2168 2936 totius
2243 2867 2492 2939 decime
2548 2869 2628 2939 de

370 2978 691 3049 Fontanis
733 2992 797 3048 et
834 3001 1141 3070 ascynum
1184 2978 1498 3050 dictorum
1563 2993 1812 3072 septem
1863 2995 2276 3072 arpentorum
2334 2995 2503 3052 terre
2565 2995 2632 3054 et

369 3091 667 3163 ascinum
706 3094 977 3164 duorum
1017 3091 1284 3163 aliorum
1312 3106 1723 3184 arpentorum
1752 3115 1877 3183 que
1915 3093 2159 3165 eisdem
2202 3095 2353 3166 olim
2394 3094 2459 3164 in
2501 3098 2629 3168 ele-

373 3208 696 3277 mosinam
727 3208 1123 3278 contuleram
1177 3205 1231 3277 si
1284 3205 1347 3275 in
1406 3204 1566 3298 ipsis
1618 3220 1870 3297 septem
1922 3220 1983 3278 et
2040 3210 2295 3279 duobus
2343 3209 2631 3301 arpentis

372 3317 559 3393 vince
602 3324 881 3413 plantate
908 3321 1163 3405 luerint,
1207 3336 1271 3392 et
1300 3321 1592 3392 ascinum
1630 3321 1899 3393 aliorum
1925 3336 2199 3413 quatuor
2217 3338 2630 3416 arpentorum

379 3433 562 3506 vinee
603 3434 658 3505 si
697 3457 772 3506 ea
823 3434 1243 3526 acquisierint
1281 3434 1345 3505 in
1385 3438 1716 3527 parrochia
1759 3439 1837 3507 de
1877 3436 2179 3508 Fontanis
2231 3436 2390 3529 ipsis
2451 3461 2633 3538 pres-

378 3551 623 3620 soriare
642 3547 882 3620 licebit.
916 3552 986 3619 In
1010 3552 1196 3640 cujus
1218 3547 1309 3620 rei
1338 3550 1712 3622 memoriam
1738 3566 1804 3621 et
1828 3550 2265 3623 testimonium
2297 3568 2631 3644 presentes

376 3659 621 3734 litteras
651 3662 842 3754 sigilli
874 3663 1001 3735 mei
1028 3663 1406 3736 munimime
1432 3664 1747 3736 roboravi.
1789 3669 2013 3736 Actum
2044 3689 2215 3738 anno
2245 3667 2458 3757 gracie
2486 3671 2630 3738 mil-

378 3776 604 3848 lesimo
630 3776 1077 3848 ducentesimo
1118 3777 1423 3851 vicesimo
1461 3780 1712 3869 quinto,
1759 3800 1984 3850 mense
2023 3779 2299 3852 octobri.

468 3890 703 3961 Omnia
732 3904 945 3963 autem
975 3891 1338 3983 supradicta
1379 3891 1615 3965 nobilis
1644 3891 1872 3965 mulier
1894 3893 2166 3980 Juliena‚
2212 3918 2367 3967 uxor
2407 3895 2628 3988 prefati

383 4004 648 4089 odonis,
692 4020 756 4076 et
794 4008 1106 4092 Johanna,
1134 4007 1261 4077 filia
1288 4009 1581 4097 ejusdem
1621 4007 1869 4080 Odonis
1908 4011 1987 4080 de
2019 4008 2222 4101 prima
2244 4033 2441 4082 uxore
2481 4033 2622 4098 sua,

385 4120 716 4191 voluerunt
766 4131 829 4191 et
868 4134 1361 4206 concesserunt,
1405 4124 1528 4193 fide
1569 4121 1775 4194 media
1825 4123 2275 4214 promittentes
2336 4127 2507 4216 quod
2567 4124 2632 4194 in

386 4232 765 4325 supradictis
796 4233 988 4306 nichil
1024 4233 1279 4328 penitus
1305 4239 1767 4307 reclamabunt.
1832 4241 2057 4309 Actum
2116 4262 2285 4312 anuo
2340 4237 2634 4312 Domini-

389 4348 643 4419 MCCXX
672 4347 925 4440 quinto,
966 4372 1193 4423 mense
1219 4351 1494 4423 octobri.
