3485 5571
1368 679 1436 690 —
1485 634 1604 707 310
1648 680 1720 693 -

1390 946 1700 1006 ccxxvii

1325 1219 1585 1281 Fevrier
1614 1220 1772 1282 1232

529 1446 713 1502 Herve
743 1445 811 1502 de
838 1447 1200 1502 Courmemin
1229 1463 1440 1518 engage
1466 1465 1538 1503 au
1562 1449 1812 1520 chapitre
1837 1467 1898 1504 sa
1919 1450 2069 1504 dime
2099 1449 2168 1505 de
2198 1450 2396 1521 Soings
2426 1467 2571 1522 pour

1279 1544 1382 1599 120
1407 1544 1573 1599 livi-es
1597 1546 1819 1618 parisiS.

885 1688 1065 1759 (Orig.
1100 1704 1145 1743 s.
1179 1689 1370 1760 par-ch.
1397 1690 1569 1744 Arob.
1602 1690 1679 1746 du
1709 1692 1914 1763 Loiret‚
1948 1694 2016 1749 G.
2048 1693 2213 1763 377.)

516 1904 872 1998 Philippus,
938 1907 1054 1976 Dei
1122 1907 1333 1995 gracia
1388 1904 1864 1978 Aurelianensis
1913 1907 2287 2001 episcopm,
2356 1909 2676 1981 universis

418 2036 760 2110 presentes
818 2019 1061 2091 litteras
1128 2018 1517 2110 inspecturis
1582 2025 1854 2094 salutem
1911 2023 1973 2093 in
2026 2023 2329 2095 Domino.
2371 2023 2676 2095 Noverint

419 2133 703 2207 universi
762 2137 932 2225 quod
997 2133 1061 2203 in
1130 2149 1346 2205 nostra
1408 2136 1732 2225 presentia
1795 2136 2185 2209 constitutus
2249 2142 2529 2210 Herveus
2592 2141 2672 2210 de

419 2245 608 2321 Curia
646 2246 984 2329 Maximini,
1025 2246 1236 2333 miles,
1258 2246 1628 2339 recognovit
1659 2271 1731 2320 se
1765 2249 2077 2322 decimam
2101 2274 2283 2322 suam
2311 2254 2390 2321 de
2416 2249 2674 2322 Soemio

417 2358 677 2432 dilectis
717 2360 862 2432 filiis
901 2363 1146 2432 decano
1193 2377 1258 2433 et
1306 2364 1587 2454 capitulo
1638 2363 2206 2435 Aurelianensibus
2269 2387 2384 2456 pro
2424 2363 2672 2437 sexcies

414 2473 646 2565 viginti
689 2474 867 2547 libris
907 2477 1356 2570 parisiensium
1418 2480 1602 2550 titulo
1663 2478 1953 2569 pignoris
2004 2477 2354 2571 obligasse,
2406 2480 2487 2551 de
2549 2501 2673 2573 qua

419 2588 696 2681 pecunie
736 2614 986 2663 summa
1026 2592 1397 2685 recognovit
1437 2592 1609 2663 idem
1650 2591 1837 2664 miles
1864 2615 1935 2664 se
1974 2593 2279 2664 habuisse
2320 2590 2677 2683 plenarium

417 2721 881 2795 pagamentnm
948 2720 1013 2778 et
1073 2710 1152 2778 de
1220 2711 1445 2778 eadem
1513 2707 1788 2799 pecunia
1851 2729 1922 2778 se
1986 2705 2192 2777 tenuit
2253 2705 2503 2797 integre
2566 2730 2680 2799 pro

416 2833 678 2909 pagato,
709 2822 834 2891 fide
864 2821 1125 2911 prestita
1154 2822 1541 2913 promittens
1571 2824 1742 2913 quod
1792 2820 2028 2892 dictam
2074 2820 2387 2892 decimam
2418 2820 2680 2912 prefatis

417 2935 671 3005 decano
723 2948 788 3005 et
846 2936 1127 3027 capitulo
1184 2952 1406 3009 contra
1460 2960 1689 3008 omnes
1742 2938 2057 3030 garantiet
2120 2939 2284 3008 bona
2324 2938 2473 3008 fide.
2520 2941 2674 3007 Her·

416 3049 650 3119 sandis
698 3071 876 3134 vero,
932 3065 1136 3136 mater
1180 3051 1333 3123 dicti
1396 3050 1645 3135 Hermi,
1689 3066 1752 3123 et
1803 3053 2115 3133 Amelina‚
2158 3074 2314 3122 uxor
2357 3052 2674 3140 ejusdem,

416 3165 666 3235 dietam
707 3163 1180 3257 obligacionem
1220 3168 1509 3237 volentes
1562 3179 1629 3237 et
1676 3164 2025 3235 liberaliter
2077 3167 2505 3256 approbantes
2556 3166 2681 3235 fide

415 3276 688 3368 prestita
728 3278 1160 3368 promiserunt
1196 3282 1367 3371 quod
1400 3294 1622 3354 contra
1648 3281 1942 3351 eamdem
1962 3277 2429 3369 obligacionem
2459 3300 2574 3369 per
2613 3300 2683 3348 se

415 3395 519 3463 vel
561 3413 677 3482 per
716 3391 879 3463 alios
929 3392 994 3464 in
1037 3405 1368 3485 posterum
1417 3416 1547 3464 non
1588 3393 1903 3465 venirent.
1946 3395 2291 3464 Renaudus
2342 3390 2536 3463 etiam
2599 3394 2680 3464 de

415 3503 738 3590 Brutolio,
806 3508 888 3578 de
939 3508 1126 3598 cujus
1177 3509 1370 3579 {eodo
1435 3506 1605 3582 dicta
1658 3505 1908 3586 decima
1968 3505 2174 3599 primo
2224 3509 2369 3577 loco
2426 3527 2685 3576 movere

417 3616 689 3702 dicitur,
728 3633 792 3690 et
829 3623 988 3698 Hato
1040 3619 1484 3713 Cigoigniaux‚
1545 3623 1624 3691 de
1683 3622 1871 3711 cujus
1923 3622 2112 3691 feodo
2153 3621 2389 3692 ‘eadem
2435 3618 2685 3689 decima

418 3735 719 3805 secundo
780 3736 923 3812 loco
982 3733 1290 3806 asseritur
1363 3756 1645 3818 movere,
1715 3732 1981 3816 militeS‚
2015 3731 2476 3825 obligationem
2529 3754 2683 3823 pre-

396 3848 667 3920 'dictam
716 3850 1133 3920 laudaverunt
1171 3861 1236 3920 et
1269 3853 1785 3940 approbaverunt
1823 3862 1887 3920 et
1927 3850 2051 3918 fide
2091 3846 2299 3920 media
2340 3846 2689 3918 liberaliter

420 3975 917 4042 concesserunt.
990 3966 1284 4034 Preterea
1336 3962 1508 4035 idem
1568 3964 1915 4035 Renaudus
1971 3963 2049 4033 de
2098 3960 2412 4044 Brutolio‚
2471 3960 2684 4046 miles,

420 4100 685 4149 necnon
724 4090 790 4148 et
821 4079 1139 4152 Aubertus
1186 4080 1265 4149 de
1328 4077 1610 4149 Fossatis
1670 4081 1751 4152 de
1781 4076 2088 4169 iamdicta
2129 4078 2379 4150 decima
2420 4073 2681 4167 prefatis

420 4195 676 4268 decano
734 4205 801 4262 et
854 4189 1134 4282 capitulo
1195 4189 1477 4282 legitime
1538 4190 1958 4282 garentienda
2015 4211 2130 4282 per
2190 4192 2382 4259 fidem
2440 4186 2685 4259 astricti

421 4304 621 4397 plegii
661 4304 1027 4378 extiterunt.
1062 4309 1133 4376 ln
1174 4308 1359 4397 cujus
1397 4306 1489 4377 rei
1530 4305 1906 4377 memoriam
1946 4318 2009 4375 et
2052 4302 2492 4375 testimonium
2534 4324 2686 4393 pre-

420 4433 649 4493 sentes
705 4418 949 4498 litteras
1000 4422 1079 4492 ad
1140 4418 1637 4511 requisicionem
1706 4418 1995 4512 parcium
2061 4416 2197 4489 fieri
2261 4415 2533 4488 lecimus
2621 4428 2687 4487 et

420 4532 618 4625 sigilli
660 4532 863 4612 nostri
926 4531 1285 4614 munimine
1341 4533 1653 4604 roborari.
1718 4536 1944 4603 Actum
1998 4554 2168 4603 anno
2223 4527 2482 4601 Domini
2530 4530 2684 4600 MCC

419 4646 759 4719 tricesimo
791 4645 1024 4739 primo,
1064 4669 1288 4719 mense
1322 4644 1665 4718 lebruario.
