3485 5571
1391 691 1750 754 —145—

445 818 723 889 ecclesie
787 821 964 890 Beati
1028 819 1453 890 Bartholomei
1518 835 1582 889 et
1646 817 1978 889 canonicis
2043 817 2374 888 annuatim
2426 840 2697 889 censum

446 933 676 1004 reddat
728 931 1269 1023 prenominatum,
1336 947 1399 1003 et
1431 945 1574 1023 post
1620 934 1761 1021 ejus
1818 935 2157 1003 decessum
2202 945 2403 1001 totum
2452 934 2696 1022 absque

446 1044 659 1136 aliqua
688 1047 994 1117 heredum
1036 1044 1239 1135 ipsius
1278 1046 1733 1117 reclamatione
1764 1059 1829 1116 et
1886 1044 2250 1135 calumpnia
2298 1047 2376 1114 ad
2420 1049 2699 1136 prefatos

446 1161 672 1230 redeat
709 1163 1083 1243 canonicos,
1127 1160 1189 1230 in
1254 1161 1480 1233 eadem
1553 1159 1845 1230 libertate
1883 1173 1948 1230 et
2015 1158 2230 1249 quiete
2278 1184 2400 1251 qua
2448 1174 2513 1230 et
2576 1159 2698 1231 alie

449 1273 731 1345 ecclesie
769 1298 892 1365 que
925 1274 1177 1367 proprie
1228 1274 1307 1345 ad
1348 1279 1578 1345 Sancte
1620 1272 1843 1345 Crucis
1883 1275 2231 1364 capitulum
2290 1287 2581 1366 spectare
2623 1274 2704 1343 vi-

450 1390 687 1459 dentur
714 1387 1100 1459 consistunt.
1166 1392 1253 1459 Eo
1304 1388 1621 1480 siquidem
1674 1400 1895 1459 tenore
1961 1391 2266 1478 prefatam
2307 1386 2402 1458 eis
2440 1410 2707 1459 conces-

452 1503 663 1572 simus
701 1501 1041 1573 ecclesiam
1084 1516 1151 1573 ut
1203 1501 1473 1593 singulis
1512 1501 1698 1572 annis
1736 1515 1964 1573 octavo
2017 1502 2120 1572 die
2174 1516 2321 1572 ante
2370 1503 2708 1573 Asceusio·

454 1639 603 1687 nem
645 1617 905 1707 triginta
966 1617 1209 1687 solidos
1272 1614 1745 1688 Aurelianensis
1823 1629 2082 1687 monete
2144 1616 2426 1707 capitulo
2473 1621 2706 1690 Sancte

458 1732 682 1801 Crucis
724 1733 1114 1822 persolvant,
1157 1732 1271 1822 qui
1300 1730 1401 1802 die
1442 1728 1857 1801 Ascensionis
1919 1728 2085 1800 inter
2150 1730 2419 1801 clericos
2449 1733 2528 1801 ad
2571 1753 2713 1822 pro-

459 1844 823 1916 cessionem
887 1859 1116 1916 euntes
1177 1843 1559 1915 dividantur.
1619 1842 1907 1915 Ecclesia
1937 1866 2085 1915 vero
2130 1844 2327 1916 libera
2386 1860 2450 1916 et
2501 1846 2713 1936 quieta

459 1973 832 2050 permaneat
905 1962 1151 2049 absque
1222 1961 1475 2030 circada
1532 1973 1597 2030 et
1667 1957 1899 2029 sinodo
1966 1971 2030 2030 et
2102 1957 2311 2050 aliqua
2385 1959 2714 2030 exactione

458 2072 782 2166 episcopi,
841 2071 1295 2152 archidiaconi,
1359 2070 1904 2164 archipresbiteri.
1975 2074 2043 2142 Si
2099 2095 2249 2144 vero
2312 2096 2466 2144 casu
2501 2073 2714 2165 aliquo

460 2189 808 2278 contigerit
843 2189 1013 2278 quod
1056 2186 1294 2258 census
1325 2188 1405 2257 ad
1443 2186 1800 2277 predictum
1843 2210 1970 2257 non
2003 2189 2304 2258 reddatur
2340 2190 2713 2272 terminum,

461 2316 799 2391 utramque
852 2300 1194 2372 ecclesiam
1234 2299 1533 2371 videlicet
1591 2302 1673 2371 de
1725 2301 2056 2371 Firmitate
2110 2315 2174 2370 et
2238 2303 2318 2372 de
2368 2300 2546 2371 Naim
2589 2317 2716 2372 tam

463 2415 569 2484 diu
608 2438 684 2485 ex
725 2430 912 2505 pacto
943 2437 977 2485 a
1019 2414 1234 2485 divino
1282 2413 1726 2485 interdicimus
1767 2414 2008 2493 officio,
2050 2416 2258 2485 donec
2296 2437 2531 2486 census
2571 2438 2718 2486 cum

463 2527 782 2620 condigna
819 2527 1183 2600 satilatione
1223 2530 1546 2599 reddatur.
1613 2532 1905 2599 Preterea
1948 2527 2010 2597 in
2054 2531 2217 2599 festo
2256 2529 2422 2600 beati
2478 2532 2722 2600 Thome

464 2639 736 2730 singulis
764 2643 953 2711 annis
990 2640 1211 2710 libram
1253 2663 1398 2711 cere
1431 2642 1795 2732 persolvant
1827 2642 1908 2710 ad
1938 2642 2090 2710 anni
2132 2639 2276 2710 novi
2313 2641 2724 2711 illuminatio-

468 2777 636 2826 nem.
682 2757 865 2840 Quod
902 2777 980 2825 ue
1021 2767 1212 2846 queat
1254 2757 1448 2826 latere
1488 2767 1783 2845 posteros
1824 2766 1892 2824 ut
1928 2753 2204 2825 ecclesia
2256 2756 2335 2826 de
2390 2757 2724 2828 Firmitate

466 2873 585 2940 hoc
626 2871 870 2938 donum
912 2883 976 2940 et
1017 2869 1308 2940 universa
1338 2871 1576 2959 quibus
1624 2869 1839 2939 dotata
1899 2882 1999 2938 est
2065 2867 2326 2940 liberius
2365 2883 2429 2940 et
2479 2869 2724 2941 firmius

469 2983 823 3073 possideat,
866 2983 1107 3074 scripto
1170 2983 1764 3054 commendavimus
1811 2996 1875 3053 et
1915 2981 2104 3073 sigilli
2147 2981 2349 3053 nostri
2387 2986 2724 3055 actoritate

468 3098 863 3168 corroborari
944 3101 1371 3189 precepimus
1438 3104 1664 3168 Actum
1715 3096 1967 3188 publice
2038 3096 2103 3166 in
2160 3096 2438 3188 capitulo
2493 3103 2725 3171 Sancte

471 3212 715 3295 Crucis,
743 3213 1098 3283 astantibus
1139 3212 1483 3303 majoribus
1525 3210 1817 3303 personis
1850 3211 2111 3283 Simone
2151 3215 2420 3295 decan0,
2463 3214 2724 3284 Girardo

468 3338 752 3409 cantore,
820 3325 1122 3396 Zacharia
1183 3328 1578 3408 subdecano,
1636 3328 1904 3396 Radullo
1970 3324 2314 3417 capicerio,
2397 3328 2725 3398 Buccardo

471 3440 942 3511 archidiacono.
999 3443 1231 3510 Datum
1292 3464 1403 3529 per
1469 3463 1727 3509 manum
1806 3440 2044 3530 Algrini
2100 3439 2492 3512 cancellarii.
2541 3445 2721 3511 Anno

471 3557 546 3623 ab
572 3552 1010 3625 incarnatione
1069 3551 1327 3625 Domini
1373 3553 1715 3625 millesimo
1765 3552 2123 3625 centesimo
2187 3556 2723 3647 quinquagesimo

476 3683 700 3740 tercio.

660 4842 802 4901 ιέΜ.
850 4860 973 4899 xxx.
2480 4840 2550 4893 10
