3485 5571
1694 676 2055 739 —324-

1713 1045 2000 1109 CCXXX!
2011 1047 2030 1106 1

1709 1324 1834 1386 Mai
1880 1322 2041 1386 1234

744 1573 937 1631 Pierre
983 1576 1053 1631 de
1098 1576 1293 1647 St-Lye
1344 1581 1398 1631 et
1439 1592 1502 1631 sa
1548 1576 1754 1631 semme
1807 1575 2043 1631 Adeline
2097 1580 2372 1645 engagent
2427 1591 2502 1630 au
2553 1575 2807 1648 chapitre
2853 1592 3003 1647 pour

815 1671 888 1727 60
915 1672 1082 1728 livres
1107 1672 1307 1743 parisis
1333 1672 1387 1727 la
1415 1672 1606 1728 moitie
1636 1672 1704 1726 de
1733 1677 1890 1728 toute
1913 1672 1968 1726 la
1992 1671 2143 1726 dime
2173 1671 2242 1726 de
2265 1671 2358 1727 hle
2389 1670 2555 1743 qu'ils
2583 1671 2948 1744 possedaient
2970 1673 3003 1727 a

817 1769 1038 1840 St-Lye.

1217 1890 1396 1961 (Orig.
1424 1908 1471 1946 ε.
1504 1890 1695 1961 parch.
1727 1890 1900 1946 Arch.
1933 1889 2008 1946 du
2037 1890 2243 1957 Loiret,
2278 1891 2341 1945 G.
2367 1889 2520 1958 377.)

835 2106 1249 2200 Pb[ilippus]‚
1318 2108 1529 2179 divina
1596 2108 2021 2199 permissione
2061 2105 2540 2179 Aurelianensis
2611 2105 2989 2199 episcopus,

745 2222 1046 2292 omnibus
1107 2235 1440 2313 presentes
1498 2221 1742 2293 litteras
1801 2220 2190 2313 inspecturis
2227 2223 2501 2292 salutem
2557 2223 2624 2291 in
2681 2219 2993 2293 Domino.

745 2333 1045 2405 Noverint
1081 2334 1359 2406 universi
1399 2338 1569 2427 quod
1611 2340 1834 2407 Petrus
1866 2338 1944 2406 de
1975 2341 2214 2406 Sancto
2253 2341 2433 2419 Leto,
2476 2334 2687 2420 mileS,
2729 2350 2794 2406 et
2833 2339 3001 2406 Ade-

745 2448 899 2533 lina,
962 2471 1116 2520 uxor
1155 2452 1322 2540 ejus,
1378 2448 1444 2518 in
1509 2464 1724 2520 nostra
1777 2449 2107 2541 presencia
2164 2449 2522 2532 constituti,
2578 2451 2997 2520 medietatem

748 2564 957 2634 tocius
1019 2565 1271 2634 decime
1329 2562 1497 2634 bladi
1555 2586 1747 2655 quam
1802 2563 1922 2654 ipsi
1979 2551 2216 2634 liabent
2273 2562 2336 2633 in
2406 2561 2740 2655 parrochia
2783 2562 3002 2633 Sancti

747 2680 881 2748 Leti
939 2675 1193 2747 dilectis
1248 2676 1397 2747 filiis
1460 2679 1705 2749 decano
1771 2690 1837 2749 et
1901 2676 2181 2768 capitulo
2243 2676 2813 2748 Aurelianensibus
2881 2700 3002 2769 pro

749 2790 1072 2883 sexaginta
1113 2791 1294 2862 libris
1340 2791 1822 2882 parisiensium,
1866 2794 1944 2863 de
1983 2792 2215 2884 quibus
2255 2815 2325 2862 se
2368 2807 2713 2863 tenuerunt
2753 2790 3005 2883 integre

751 2929 962 2976 coram
1006 2906 1193 2977 nobis
1245 2930 1357 2997 pro
1412 2906 1658 2997 pagatis
1698 2907 1882 2978 titulo
1930 2905 2217 2998 pignoris
2260 2908 2622 2996 obligarunt
2663 2909 2787 2976 fide
2857 2908 3003 2977 data

751 3021 1196 3112 promittentes
1224 3027 1422 3092 320¹...
1465 3021 1548 3091 ita
1582 3035 1794 3093 tamen
1825 3025 1996 3112 quod
2028 3020 2240 3092 eidem
2276 3026 2463 3092 Petro
2504 3035 2567 3093 et
2606 3023 2746 3111 ejus
2817 3019 3002 3092 uxori

751 3149 814 3207 et
854 3159 1075 3207 eorum
1117 3136 1464 3206 heredibus
1503 3134 1720 3205 licebit
1759 3136 2297 3226 quandocumque
2336 3134 2652 3206 voluerint
2682 3134 3004 3206 redimere

753 3251 1066 3320 decimam
1108 3248 1538 3340 supradictam
1578 3251 1889 3319 solvendo
1934 3247 2270 3338 pecuniam
2328 3262 2770 3320 memoratam.
2816 3247 3005 3320 Dicta

752 3385 899 3434 vero
938 3361 1222 3445 Melina,
1270 3385 1424 3433 uxor
1463 3360 1615 3432 dicti
1657 3361 1850 3446 Petri,
1896 3361 2192 3453 promisit
2231 3376 2585 3453 spontanea
2644 3386 2760 3454 per
2804 3365 3002 3435 fidem

752 3499 933 3547 suam
981 3478 1153 3568 quod
1208 3493 1429 3547 contra
1467 3487 1641 3548 etc...
1689 3478 1995 3547 Radnllus
2051 3498 2200 3548 vero
2233 3475 2617 3567 Gascoigne,
2688 3479 2768 3547 de
2809 3479 3001 3568 cujus

752 3593 940 3662 feodo
971 3590 1255 3681 predicta
1286 3592 1534 3661 decima
1566 3611 1822 3661 movere
1854 3588 2232 3678 dinoscitur,
2267 3593 2505 3661 dictam
2537 3591 3005 3681 obligationem

755 3728 977 3792 coramv
1010 3704 1197 3775 nobis
1237 3707 1460 3788 voluit,
1503 3706 1830 3775 concessit
1889 3719 1954 3775 et
2005 3704 2303 3790 laudavit,
2371 3707 2497 3776 fide
2552 3704 2818 3796 prestita
2859 3728 3008 3796 pro·

757 3819 1020 3888 mittens
1083 3829 1255 3888 etc...
1342 3823 1437 3889 De
1476 3817 1643 3888 dicta
1701 3817 2026 3908 siquidem
2093 3821 2405 3908 garentia,
2469 3832 2537 3887 ut
2572 3816 2815 3887 dictum
2875 3829 3002 3905 est,

756 3931 1042 4003 facienda
1065 3932 1258 4003 dictis
1298 3934 1542 4002 decano
1582 3947 1647 4002 et
1685 3931 1992 4022 capitulo,
2020 3946 2084 4004 et
2115 3934 2192 4002 de
2235 3930 2532 4023 dampnis
2561 3946 2625 4002 et
2654 3929 3006 4022 deperditis

756 4046 999 4118 eisdem
1059 4045 1512 4133 resarciendis,
1556 4045 1609 4116 si
1664 4070 1789 4137 qua
1843 4045 2265 4117 sustinuerint
2330 4070 2445 4137 pro
2509 4049 2765 4117 defectu
2833 4047 3006 4118 dicte

635 4259 639 4263 .
754 4160 1062 4251 garentie,
1106 4160 1478 4231 Hemericus
1536 4164 1615 4231 de
1655 4163 1995 4245 Boisseau‚
2043 4159 2390 4251 Dyonisius
2427 4163 2505 4231 de
2546 4162 2884 4230 Cbantolio
2942 4174 3004 4230 et

756 4382 953 4391 *—

820 4533 836 4565 ¹
879 4524 966 4579 On
996 4524 1350 4596 supprimet-a
1380 4525 1691 4579 desormais
1741 4531 1819 4580 les
1867 4526 2142 4581 formales
2184 4525 2382 4581 finales
2413 4524 2510 4598 qui
2541 4529 2931 4581 commencent
2967 4523 2999 4578 a

748 4613 1009 4684 prendre,
1068 4630 1141 4668 au
1193 4620 1325 4668 xnt⁶
1370 4614 1557 4684 siecle,
1617 4631 1691 4669 un
1741 4614 1918 4685 grand
1977 4615 2443 4686 developpetnent
2492 4620 2545 4670 et
2591 4613 2998 4685 allongeraient

746 4703 1202 4758 demesurement
1231 4702 1281 4756 la
1310 4702 1569 4774 presente
1598 4703 1964 4774 publication.
