3485 5571
1744 754 1822 764 -
1865 700 1981 783 158
2025 754 2101 762 -

800 844 1308 935 supradictarum
1348 844 1767 917 ecclesiarum
1819 860 1882 916 et
1922 845 2276 916 servientes
2338 843 2595 915 comitis
2657 846 2825 936 apud
2868 848 3044 936 plan-

799 963 971 1030 tbam
1015 962 1094 1030 de
1132 958 1422 1030 Luneriis
1461 965 1485 1050 [
1754 961 1781 1051 ]
1839 973 1903 1030 et
1961 957 2044 1029 ibi
2079 957 2323 1048 justitia
2365 959 2686 1029 mediante
2740 960 3044 1029 termina-

799 1078 1082 1157 buntur3
1125 1078 1302 1166 quod
1374 1073 1428 1145 si
1493 1078 1653 1145 sorte
1714 1072 1951 1144 ibidem
2018 1072 2339 1144 terminari
2406 1096 2536 1142 non
2599 1071 2925 1163 potuerint
2979 1073 3041 1142 in

796 1203 1013 1258 nostra
1063 1187 1384 1278 presentia
1432 1186 1759 1259 finientur.
1805 1190 1989 1273 Quod
2025 1200 2091 1256 ut
2132 1203 2338 1257 ratum
2371 1186 2455 1258 sit
2510 1201 2574 1257 et
2614 1189 2786 1256 nulla
2841 1190 3045 1277 possit

797 1300 1104 1392 deinceps
1143 1300 1463 1372 oblivione
1526 1301 1727 1372 deleri
1794 1323 2063 1392 presens
2117 1301 2431 1391 scriptum
2494 1299 2775 1371 nominis
2837 1300 3042 1371 nostri

795 1428 1115 1486 caractere
1151 1414 1545 1505 signavimus
1606 1428 1670 1485 et
1710 1410 1901 1504 sigilli
1971 1413 2173 1485 nostri
2213 1413 2600 1485 authoritate
2660 1417 3044 1485 corrobora-

794 1550 964 1597 mus.
1023 1534 1245 1598 Actum
1289 1526 1543 1617 publice
1607 1526 1995 1611 Aurelianis,
2053 1525 2560 1598 annoincarnati
2600 1526 2788 1597 Verbi
2843 1530 3037 1612 1175,

793 1640 975 1733 regni
1019 1641 1219 1713 nostri
1257 1645 1365 1711 36.
1427 1640 1796 1713 Astantibus
1834 1643 1899 1712 in
1926 1641 2174 1732 ‘palatio
2216 1661 2439 1731 nostro
2481 1665 2753 1732 quorum
2804 1665 3042 1733 suppo-

797 1754 914 1825 sita
949 1769 1099 1825 sunt
1128 1759 1389 1826 nomina
1428 1769 1493 1826 et
1521 1755 1727 1845 signa.
1757 1760 1825 1826 S.
1864 1754 2119 1826 comitis
2140 1755 2488 1827 Theobaldi
2518 1754 2781 1847 dapileri
2812 1754 3037 1825 nostri.

795 1873 860 1937 S.
931 1869 1239 1941 Gnidonis
1306 1869 1688 1960 buticularii.
1739 1874 1804 1939 S.
1873 1869 2097 1941 Matbei
2170 1868 2525 1941 camerarii.
2613 1874 2709 1962 [S.
2785 1872 3040 1960 Matbei]

795 1983 1278 2054 constabularii.
1311 1988 1468 2055 Data
1508 1981 1889 2055 cancellario
1932 1987 2130 2054 nullo.

1768 2341 2062 2401 LXXXlll

1843 2590 1999 2654 1173

794 2822 1161 2879 Transaction
1193 2827 1350 2877 entre
1381 2820 1770 2876 Sainte—Croix
1815 2828 1869 2875 et
1916 2819 2135 2875 Hubert
2182 2819 2251 2874 de
2300 2819 2616 2874 Pei-omine
2662 2819 2881 2890 reglant
2922 2817 3043 2888 plu-

1459 2918 1645 2973 sieurs
1671 2923 1964 2973 coutunies
1993 2917 2063 2970 de
2092 2917 2409 2988 Villequoy.

1251 3064 1433 3134 (Orig.
1468 3081 1514 3121 s,
1547 3064 1741 3135 perch.
1777 3063 1950 3120 Arch.
1981 3064 2057 3118 du
2089 3062 2297 3132 Loiret,
2330 3064 2395 3118 G.
2428 3061 2575 3127 377).

1694 3277 2136 3321 CYROGRAPHUM

881 3463 1018 3549 Ego
1049 3460 1227 3549 Hugo
1255 3454 1741 3530 Aurelianensis
1770 3461 2049 3531 ecclesie
2081 3462 2364 3530 decanus
2391 3473 2725 3549 totumque
2749 3451 3039 3549 ejusdem

792 3565 1070 3644 ecclesie
1112 3571 1486 3663 capitulum.
1530 3577 1762 3643 Notum
1806 3572 2074 3644 tacimus
2117 3573 2419 3644 omnibus
2465 3588 2590 3642 tam
2634 3573 3041 3664 presentibus

790 3710 980 3776 quam
1037 3687 1290 3768 futuris,
1334 3688 1502 3776 quod
1545 3710 1693 3756 cum
1733 3686 1899 3757 inter
1936 3710 2056 3757 nos
2117 3701 2182 3756 et
2223 3685 2569 3757 Hubertum'
2614 3687 2691 3756 de
2732 3689 3043 3792 Spesum·

787 3795 931 3870 villa
992 3793 1321 3870 contentio
1381 3801 1492 3870 diu
1529 3815 1891 3871 versaretur
1930 3824 2124 3892 super
2164 3798 2533 3871 hominibus
2582 3800 2661 3869 de
2703 3795 2846 3869 villa
2886 3789 3040 3869 Galli

789 3937 951 4003 quos
1005 3909 1070 3982 in
1114 3913 1290 3983 curia
1331 3937 1445 3984 sua
1507 3914 1831 4004 justiciare
1870 3929 2041 3985 extra
2085 3903 2437 4004 predictam
2480 3913 2691 3983 villam
2745 3915 2822 3983 ad
2865 3937 3042 3983 man·

789 4015 1009 4098 siones
1049 4051 1199 4098 suas
1254 4011 1333 4097 de
1366 4030 1511 4118 jure
1565 4019 1685 4098 sibi
1739 4028 2157 4120 contingente
2216 4025 2484 4109 diceret,
2527 4041 2590 4098 et
2629 4017 3041 4098 medietatem

789 4164 951 4232 aque
974 4154 1040 4211 et
1078 4135 1399 4232 piscature
1437 4156 1748 4231 quantum
1779 4141 2166 4213 territorium
2205 4145 2283 4213 de
2312 4139 2455 4211 villa
2499 4127 2654 4211 Galli
2684 4135 3043 4211 extenditur

788 4253 886 4325 sui
924 4255 1092 4345 juris
1139 4278 1285 4326 esse
1324 4270 1669 4339 assereret,
1711 4255 1902 4327 nobis
1953 4255 2017 4325 in
2060 4253 2455 4326 contrarium
2499 4239 3037 4347 proponentibus,

787 4365 1062 4440 consilio
1103 4373 1416 4439 bonorum
1457 4367 1733 4441 virorum
1778 4372 1946 4440 inter
1971 4394 2090 4441 nos
2129 4385 2192 4440 et
2221 4363 2432 4461 ipsum
2475 4368 2569 4440 sic
2608 4363 3036 4459 compositum

787 4498 908 4554 est.
955 4471 1351 4574 Recognovit
1412 4481 1610 4580 igitur·
1664 4486 2078 4555 medietatem
2130 4481 2494 4574 supradicte
2554 4477 2928 4574 piscationis
2976 4496 3040 4553 et

786 4621 949 4689 aque
978 4602 1182 4668 nostri
1210 4589 1372 4688 juris
1411 4601 1615 4669 fuisse
1654 4612 1719 4669 et
1756 4621 1902 4670 esse
1942 4587 2201 4676 debere,
2255 4605 2323 4668 et
2354 4621 2428 4668 ea
2470 4621 2617 4668 cum
2649 4621 2763 4668 sua
2796 4595 3038 4668 medie-

789 4727 915 4784 tate
955 4712 1416 4784 communicari
1458 4713 1679 4785 voluit.
1739 4695 1804 4783 Si
1847 4737 1994 4785 vero
2023 4737 2220 4805 quum
2269 4736 2430 4804 aqua
2483 4695 2849 4784 communis
2891 4735 3035 4783 esse
