3485 5571
1330 674 1405 683 —
1450 636 1690 702 203-

1443 893 1600 954 CXX

1428 1117 1585 1182 1199

351 1297 714 1370 Exemption
743 1297 812 1353 de
837 1299 950 1368 gite
980 1313 1123 1369 pour
1152 1297 1202 1352 le
1240 1297 1375 1352 cure
1406 1297 1476 1356 de
1513 1297 2155 1370 Neung-sur-Beuvron,
2203 1314 2347 1371 pour
2386 1298 2459 1354 10
2503 1316 2637 1356 sous

466 1393 750 1466 payahles
777 1410 851 1450 au
880 1394 1150 1466 chapitre,
1182 1398 1237 1448 et
1266 1394 1375 1449 don
1409 1394 1478 1449 de
1506 1394 1578 1452 30
1602 1410 1737 1450 sous
1757 1409 1856 1450 sur
1878 1391 2091 1464 l'eglise
2117 1393 2186 1450 de
2218 1394 2528 1467 Semblecy.

684 1515 864 1588 (Orig.
896 1517 1070 1573 Arch.
1104 1516 1183 1573 du
1209 1517 1420 1589 Loiret,
1447 1519 1514 1575 G.
1541 1517 1685 1587 3533
1724 1517 1973 1573 mention
1999 1491 2333 1588 Scriptum).

445 1687 595 1775 Ego
674 1686 1015 1774 Cadulcus,
1069 1682 1570 1756 archidiaconus
1646 1689 1880 1756 Sancte
1920 1682 2175 1769 Crucis,
2225 1684 2531 1757 omnibus
2570 1684 2636 1755 in

356 1811 781 1890 perpetuum.
828 1801 904 1870 Ut
941 1820 1014 1869 ea
1041 1821 1165 1890 que
1204 1797 1544 1870 devotione
1568 1796 1856 1869 fidelium
1883 1812 2108 1871 sancte
2134 1799 2316 1869 matri
2348 1798 2638 1872 Ecclesie

358 1916 799 1983 conteruntur
823 1925 1129 2004 perpetua
1169 1911 1514 1984 stabrlitate
1553 1934 1758 2003 penes
1797 1935 1937 1984 eam
1965 1926 2382 2005 permaneant
2419 1926 2485 1984 et
2544 1917 2624 1984 ad

356 2031 583 2101 iuture
618 2029 1011 2120 posteritatis
1050 2027 1366 2119 attingant
1405 2029 1782 2099 memoriam
1822 2031 1898 2099 ad
1930 2043 2238 2121 perpetue
2283 2027 2460 2121 pacis
2498 2043 2632 2102 sta-

355 2144 713 2237 bilitatem,
754 2159 1011 2218 cautum
1059 2161 1159 2218 est
1202 2159 1270 2217 ut
1338 2143 1635 2237 sigillatis
1673 2145 2011 2238 appicibus
2058 2150 2618 2219 commendentur.

359 2263 729 2353 Eapropter
769 2274 990 2331 notum
1021 2258 1180 2332 facio
1205 2258 1525 2331 universis
1543 2263 1712 2351 quod
1763 2259 1931 2332 inter
1967 2283 2071 2332 me
2111 2274 2175 2332 et
2206 2261 2632 2352 presbiterum

363 2374 446 2445 de
484 2373 677 2446 Naim
717 2396 911 2466 super
938 2373 1387 2466 procuratione
1413 2395 1604 2466 quam
1642 2375 1837 2445 michi
1866 2377 2008 2466 jure
2066 2374 2624 2448 archidiaconatus

365 2489 598 2561 deberi
676 2492 1043 2561 asserebam
1144 2487 1473 2561 contentio
1567 2492 1953 2560 vertebatur.
2028 2489 2326 2562 Predicte
2391 2490 2634 2563 etenim

369 2605 703 2695 presbiter
761 2601 1036 2676 ecclesie
1098 2624 1169 2674 se
1242 2604 1340 2674 vel
1425 2603 1708 2695 aliquem
1795 2617 2282 2675 antecessorum
2370 2628 2634 2678 suorum

373 2714 578 2788 michi
648 2719 743 2789 vel
799 2715 992 2789 alicui
1077 2729 1564 2789 antecessorum
1632 2738 1924 2789 meorum
1996 2740 2325 2810 nonquam
2405 2717 2622 2790 reddi-

375 2830 556 2905 disse
629 2834 1147 2926 procurationem
1213 2844 1587 2903 constanter
1647 2835 2005 2916 asserebat,
2066 2836 2236 2905 unde
2324 2846 2390 2905 et
2449 2856 2627 2926 pres-

372 2944 698 3041 criptione
737 2944 1098 3038 longissimi
1140 2944 1452 3038 temporis
1491 2967 1563 3017 se
1619 2968 1654 3016 a
1710 2947 2104 3038 prestatione
2156 2946 2626 3039 procurationis

373 3059 628 3133 absolvi
673 3063 1057 3154 postulabat.
1099 3062 1384 3132 Tandem
1424 3058 1591 3131 inter
1623 3082 1726 3131 me
1765 3073 1828 3131 et
1889 3060 2248 3152 predictum
2316 3060 2634 3152 presbite-

371 3196 517 3245 rum
544 3173 903 3247 amicabilis
943 3172 1325 3265 compositio
1372 3170 1715 3245 intervenit
1774 3176 1943 3264 quod
1986 3173 2335 3266 presbiter,
2382 3176 2492 3265 qui
2568 3174 2634 3245 in

378 3287 671 3378 predicta
695 3289 970 3359 ecclesia
994 3309 1109 3380 pro
1128 3301 1418 3379 tempore
1441 3287 1865 3373 ministrabit,
1896 3286 2168 3379 singulis
2194 3286 2379 3359 annis
2407 3291 2632 3360 decem

377 3402 628 3474 solidos
660 3401 941 3494 capitulo
981 3405 1215 3472 Sancte
1268 3399 1491 3472 Crucis
1543 3403 1865 3493 persolvet
1904 3399 1969 3471 in
2009 3404 2177 3473 festo
2215 3401 2523 3474 Dorotbei
2567 3415 2634 3474 et

379 3515 598 3588 Severi
649 3517 1007 3602 martirum,
1048 3513 1380 3587 canonicis
1420 3518 1530 3608 qui
1561 3514 1921 3587 intererunt
1966 3515 2298 3587 matutinis
2344 3514 2635 3588 dividen-

381 3631 522 3701 dos.
560 3630 796 3722 Sicque
839 3632 1051 3701 nullus
1079 3629 1576 3702 archidiaconus
1615 3652 1649 3700 a
1673 3629 2032 3722 presbitero
2063 3632 2304 3721 prefate
2356 3628 2636 3702 ecclesie

383 3741 899 3833 procurationem
966 3745 1063 3816 vel
1122 3741 1359 3834 aliquid
1430 3741 1693 3815 nomine
1753 3742 2222 3835 procurationis
2292 3745 2372 3815 de
2419 3759 2636 3817 cetero

383 3859 619 3946 poterit
647 3861 996 3949 postulare.
1040 3859 1200 3928 Illud
1222 3856 1414 3929 etiam
1473 3879 1874 3948 nequaquam
1923 3855 2143 3928 censui
2200 3856 2630 3945 reticendum,

388 3972 553 4059 quod
581 3968 854 4062 trigenta
889 3972 1160 4057 solidos,
1192 3993 1355 4063 quos
1385 3970 1448 4040 in
1489 3971 1771 4043 ecclesia
1811 3973 1892 4043 de
1961 3968 2280 4041 Sambleci
2345 3969 2632 4063 adquisi-

395 4105 634 4167 veram,
668 4082 946 4176 capitulo
974 4089 1207 4156 Sancte
1234 4083 1456 4156 Crucis
1499 4083 1767 4171 contuli,
1795 4087 1916 4156 sub
1957 4086 2075 4155 bac
2104 4082 2321 4177 specie
2346 4084 2635 4155 dividen-

393 4198 503 4269 dos
543 4199 719 4289 quod
747 4196 969 4289 viginti
1009 4196 1198 4270 solidi
1231 4200 1298 4269 in
1361 4197 1800 4270 anniversario
1856 4196 2118 4307 l’bilipi²
2180 4196 2392 4269 fratris
2453 4197 2626 4290 regis

406 4311 815 4395 Francorum,
857 4310 1188 4384 canonicis
1252 4309 1357 4404 qui
1389 4310 1833 4384 anniversario
1870 4311 2253 4395 intererunt,
2295 4325 2359 4387 et
2411 4314 2634 4385 decem

396 4425 578 4495 solidi
620 4448 684 4497 1n
723 4427 923 4498 missa
973 4425 1412 4517 predictorum
1468 4426 1803 4497 martirum
1877 4428 2116 4517 prefata
2178 4424 2397 4517 specie
2469 4424 2632 4497 divi-

401 4536 644 4609 dentur.
725 4545 956 4611 Actum
1024 4539 1090 4612 in
1171 4536 1451 4632 capitulo
1514 4554 1760 4621 nostro,
1843 4563 2014 4612 anno
2077 4543 2270 4612 Verbi
2319 4538 2631 4613 incarnati

403 4652 698 4726 MCXCIX.
