3485 5571
1805 636 2166 700 -256—

868 775 1117 853 septem
1178 761 1523 853 quarteriis
1580 778 1832 855 septem
1882 761 2200 853 quarteria
2259 765 2430 854 apud
2464 766 2714 834 Bullum
2778 768 2844 834 in
2885 766 3097 835 clauso

864 875 984 946 sita
1026 875 1179 947 dicti
1217 875 1475 967 capituli
1507 875 1933 947 commutavit
1978 890 2044 949 et
2080 876 2413 948 concessit
2452 901 2488 948 a
2525 900 2728 949 censu
2758 893 2822 949 et
2851 879 3096 950 decima

862 1003 926 1060 et
953 988 1127 1060 omni
1182 992 1305 1060 alia
1342 989 1675 1062 exactione
1725 989 2061 1074 immunia,
2102 994 2277 1062 salvo
2329 1005 2542 1062 tamen
2578 990 2791 1063 eidem
2831 991 3105 1083 capitulo

854 1104 997 1193 jure
1037 1102 1441 1196 proprietatis
1469 1103 1674 1197 ipsius
1715 1103 1994 1176 Gausridi
2037 1116 2350 1198 perpetuo
2394 1105 2772 1189 obtinenda,
2815 1105 2900 1177 ita
2942 1105 3105 1176 vide·

862 1215 1011 1288 licet
1035 1219 1230 1309 quod,
1266 1217 1319 1289 si
1359 1217 1529 1289 idem
1570 1219 1911 1291 Gausridus
1951 1218 2156 1291 vineis
2187 1219 2315 1291 illis
2361 1223 2524 1291 falce
2561 1235 2626 1292 et
2679 1222 2901 1311 ligone
2937 1220 3106 1313 prius

861 1330 1128 1402 excultis
1166 1335 1327 1403 {crte
1362 1332 1741 1416 decesserit,
1787 1336 1865 1404 de
1901 1332 2217 1405 fructibus
2257 1336 2549 1425 ejusdem
2582 1333 2731 1405 anni
2761 1357 2947 1405 suam
2974 1332 3105 1404 sine

861 1443 1365 1517 contradictione
1404 1445 1614 1538 aliqua
1653 1450 1848 1518 faciat
1877 1451 2294 1530 voluntatem,
2336 1460 2402 1519 et
2426 1462 2572 1538 post
2594 1446 2810 1539 ipsius
2836 1447 3103 1545 obitum,

859 1561 939 1628 ad
979 1571 1372 1650 pretaxatum
1412 1559 1761 1651 capitulum
1818 1562 1884 1631 in
1937 1565 2110 1632 hunc
2153 1564 2414 1633 modum
2450 1560 2645 1633 libere
2677 1575 3101 1633 revertantur.

858 1675 947 1742 Ne
1002 1673 1126 1742 hoc
1191 1670 1382 1764 igitur
1429 1675 1790 1765 cujuspiam
1845 1674 2322 1768 calumpniante
2380 1674 2631 1747 malicia
2670 1673 3093 1753 rescindatur,

861 1785 924 1854 in
956 1784 1395 1856 testimonium
1434 1803 1496 1857 et
1545 1789 1874 1859 munimen
1918 1802 2252 1880 presentes
2310 1788 2553 1861 litteras
2593 1792 2671 1859 ad
2725 1788 3098 1880 petitionem

861 1898 1135 1989 partium
1192 1898 1379 1991 sigilli
1434 1901 1637 1972 nostri
1677 1915 1997 1973 caractere
2059 1901 2332 1974 fecimus
2408 1902 2800 1995 consignari.
2872 1908 3096 1974 Actum

858 2035 1028 2084 anno
1061 2011 1321 2084 Domini
1353 2018 1431 2084 Μο
1470 2017 1592 2086 CC⁰
1629 2031 1809 2087 sexto
1850 2017 2129 2088 decimo.

1866 2410 2101 2470 chlx

1906 2709 2065 2770 1216

857 2942 1036 2995 Vente
1051 2957 1125 2995 au
1154 2940 1402 3009 chapitre
1430 2955 1531 3011 par
1556 2941 1693 2995 Jean
1733 2940 1930 3009 Papin,
1973 2940 2148 2994 maire
2176 2939 2244 2994 de
2274 2939 2504 3008 Mardus,
2539 2957 2683 3011 pour
2724 2943 2776 2994 le
2805 2939 3071 3011 chapitre,

927 3035 996 3090 de
1037 3035 1090 3090 la
1141 3035 1292 3090 dlme
1340 3052 1449 3105 que
1488 3036 1563 3090 lui
1606 3041 1657 3090 et
1708 3051 1811 3090 son
1861 3035 1950 3089 fils
2000 3034 2300 3107 possederit
2341 3051 2410 3089 en
2458 3041 2601 3089 celte
2646 3035 2898 3107 paroisse
2940 3048 3079 3106 pour

924 3129 996 3186 38
1021 3131 1188 3186 livres
1216 3130 1438 3202 parisis.

1543 3280 1719 3351 (Orig.
1753 3281 1919 3335 Arch.
1951 3281 2025 3335 du
2056 3279 2261 3346 Loiret,
2292 3280 2410 3348 G.).

946 3503 1293 3580 Manasses,
1352 3502 1470 3569 Dei
1551 3502 1767 3589 gracia
1819 3494 2295 3567 Aurelianensis
2353 3499 2730 3586 episcopus,
2785 3495 3081 3565 omnibus

858 3627 1189 3703 presentes
1239 3615 1484 3682 litteras
1545 3614 1945 3701 inspecturis
1994 3612 2265 3680 salutem
2316 3608 2378 3678 iu
2430 3608 2729 3679 Domino.
2777 3605 3085 3680 Universi-

858 3728 971 3795 tati
1012 3739 1220 3797 vestre
1263 3741 1482 3796 notum
1516 3726 1787 3796 tacimus
1817 3727 1987 3815 quod
2016 3728 2340 3794 ,lohannes
2365 3722 2623 3815 Papius,
2667 3724 2871 3813 maior
2902 3733 3083 3792 Aure-

857 3837 1167 3909 lianensis
1192 3838 1451 3929 capituli
1488 3841 1567 3910 de
1598 3837 1930 3925 Marziaco,
1974 3853 2036 3909 et
2061 3840 2422 3928 Philippus,
2458 3837 2751 3927 ejusdem
2782 3829 3080 3905 Johannis

856 3955 1052 4039 filius,
1103 3966 1301 4023 totam
1360 3953 1673 4024 decimam
1737 3975 1946 4035 suam,
2016 3974 2206 4042 quam
2246 3953 2567 4021 habebant
2640 3949 2704 4019 in
2740 3947 2911 4021 dicte
2950 3946 3080 4017 ville

858 4066 1211 4158 parrochia,
1270 4082 1622 4138 memorato
1661 4065 1942 4158 capitulo
1987 4064 2239 4156 triginta
2281 4078 2346 4135 et
2383 4077 2532 4135 octo
2573 4062 2749 4135 libris
2782 4061 3080 4154 parisien-

855 4182 1026 4250 sium
1060 4183 1306 4272 integre
1343 4183 1768 4252 vendiderunt
1806 4179 2019 4270 quiete
2058 4192 2122 4250 et
2160 4178 2359 4250 libere
2407 4191 2714 4269 perpetuo
2754 4176 3078 4268 possiden-

856 4298 1031 4379 dam,
1070 4297 1193 4366 fide
1225 4294 1485 4386 prestita
1513 4293 1927 4385 corporaliter
1949 4296 2029 4363 ab
2058 4305 2327 4383 utroque
2353 4294 2523 4383 quod
2565 4291 2625 4361 in
2653 4314 2727 4363 ea
2768 4293 2847 4362 de
2877 4305 3078 4362 cetero

854 4409 1049 4480 nichil
1092 4410 1347 4500 penitus
1386 4411 1849 4481 reclamabunt.
1884 4412 2056 4478 Hanc
2090 4422 2304 4476 autem
2337 4404 2769 4476 venditionem
2802 4406 3074 4496 ejusdem

855 4524 1104 4597 decime
1171 4528 1397 4596 factam
1437 4522 1644 4595 taliter
1680 4522 1942 4605 NataliS‚
1977 4522 2083 4613 qui
2126 4524 2513 4613 cognomine
2543 4525 2803 4591 Jocetus
2835 4519 3073 4593 dicitur,

855 4642 934 4712 de
964 4645 1147 4733 cuius
1221 4643 1408 4713 feodo
1463 4643 1742 4732 prefatus
1792 4643 2120 4711 Johannes
2177 4637 2383 4731 ipsam
2450 4641 2708 4709 tenebat
2780 4635 3078 4707 decimam
