3485 5571
1711 683 1788 694 ··-
1830 649 1949 712 214
1993 685 2061 695 ·-

1772 1069 2040 1131 CXXXII

1812 1366 1970 1431 1202

758 1616 978 1673 Accord
1007 1622 1162 1672 entre
1191 1617 1578 1675 Sainte-Croix
1606 1619 1902 1676 d’Orlesns
1931 1626 1986 1676 et
2009 1621 2339 1677 saint-Pers
2367 1621 2434 1678 de
2461 1622 2726 1678 chartres
2755 1636 2827 1676 au
2857 1621 3007 1691 sujet

830 1714 898 1768 de
927 1713 1136 1785 l’eglise
1166 1714 1235 1770 de
1264 1715 1430 1771 Nids:
1465 1716 1573 1771 elle
1602 1718 1727 1772 leur
1753 1733 1878 1772 sera
1907 1733 2225 1780 commune,
2261 1724 2316 1773 et
2357 1718 2427 1773 ils
2469 1734 2541 1773 en
2565 1723 2931 1773 nommeront
2971 1719 3006 1772 a

829 1813 957 1864 tour
984 1808 1055 1865 de
1082 1811 1202 1867 rble
1224 1811 1277 1866 le
1302 1810 1461 1870 cure.

1286 1955 1461 2027 (oi-ig.
1490 1973 1537 2012 s.
1570 1959 1763 2028 parcb.
1792 1959 1963 2015 Arch.
1995 1958 2073 2015 du
2105 1959 2308 2029 Loiret,
2344 1961 2438 2033 G.)

1667 2183 2106 2226 cynocnspunu

843 2364 977 2453 Ego
1038 2362 1267 2448 Guido,
1329 2363 1541 2442 divina
1599 2362 2015 2436 miseratione
2090 2364 2304 2435 Sancti
2368 2362 2535 2435 Petri
2600 2362 3016 2434 Carnoteusis

754 2479 954 2548 abbas
1015 2490 1079 2547 et
1126 2475 1510 2549 universitas
1567 2481 1829 2549 fratrum
1896 2481 2187 2570 ejusdem
2249 2477 2649 2563 monasterii,
2709 2476 3013 2548 omnibus

755 2591 1161 2682 presentibus
1200 2592 1440 2683 pariter
1477 2606 1541 2663 et
1575 2592 1804 2662 tuturis
1846 2607 2067 2664 notum
2109 2591 2381 2666 facimus
2430 2594 2600 2683 quod
2637 2614 2788 2663 cum
2844 2589 3015 2663 inter

757 2725 904 2789 nos,
945 2727 1020 2775 ex
1060 2726 1183 2775 una
1222 2709 1434 2796 parte,
1457 2719 1520 2776 et
1541 2704 1894 2799 capitulum
1925 2706 2413 2791 Aurelianense,
2451 2729 2523 2777 ex
2549 2708 2774 2791 altera,
2809 2726 3010 2798 super

754 2818 1101 2890 donatione
1153 2821 1434 2891 ecclesie
1479 2822 1561 2891 de
1596 2820 1706 2892 Niz
1755 2821 2085 2893 contentio
2124 2833 2500 2906 verteretur,
2552 2822 2814 2892 tandem
2858 2818 3011 2891 hinc

753 2930 903 3004 inde
935 2956 1128 3025 super
1151 2936 1376 3006 eadem
1416 2934 1834 3006 contentione
1873 2933 2296 3008 amicabiliter
2324 2933 2814 3027 composuimus
2841 2960 2858 3019 ;
2886 2937 3012 3006 do-

755 3046 1083 3118 nationem
1112 3050 1403 3141 ejusdem
1434 3047 1740 3132 ecclesie,
1783 3050 2110 3121 communi
2141 3052 2474 3141 utriusque
2506 3048 2703 3142 partis
2736 3070 3008 3132 asensu,

754 3160 942 3233 nobis
977 3175 1041 3233 et
1073 3162 1230 3254 ipsis
1269 3185 1683 3234 communem
1711 3186 1861 3235 esse
1892 3166 1970 3235 de
1997 3179 2213 3236 cetero
2252 3166 2713 3236 concedentes.
2738 3167 3010 3249 Verum,

754 3275 899 3367 quia
953 3277 1035 3347 de
1100 3274 1503 3347 institutione
1575 3277 1935 3349 sacerdotis
2000 3292 2221 3370 posset
2292 3277 2613 3349 dissensio
2694 3275 3001 3362 suboriri,

755 3387 905 3461 hinc
977 3387 1124 3459 inde
1189 3389 1566 3461 censuimus
1632 3393 2046 3462 statuendum
2103 3393 2275 3483 quod
2330 3414 2454 3462 una
2521 3390 2658 3462 vice
2716 3392 2783 3460 in
2842 3388 3010 3462 dicta

754 3505 1028 3575 ecclesia
1088 3501 1507 3574 instituemus
1566 3508 1997 3591 sacerdotem,
2068 3518 2133 3576 et
2182 3505 2308 3596 ipsi
2381 3504 2519 3575 vice
2581 3505 2706 3575 alia
2769 3502 3009 3576 ibidem

754 3618 1157 3687 sacerdotem
1207 3614 1574 3702 instituent,
1651 3631 1716 3689 et
1789 3640 2049 3710 semper
2109 3617 2173 3687 in
2232 3617 2336 3688 illa
2388 3615 2666 3689 ecclesia
2709 3640 2821 3709 per
2857 3640 3011 3690 suc-

755 3730 1089 3803 cessiones
1130 3744 1493 3823 temporum
1534 3755 1569 3803 a
1610 3735 1803 3804 nobis
1842 3746 1906 3803 et
1943 3735 2022 3803 ab
2078 3730 2235 3824 ipsis
2273 3736 2655 3803 instituetur
2692 3730 3013 3823 presbiter

757 3848 879 3918 hoc
920 3859 1165 3917 tenore.
1211 3848 1366 3916 Cum
1421 3860 1635 3918 autem
1682 3846 1923 3919 ibidem
1964 3846 2393 3938 presbiterum
2434 3845 2800 3931 instituent,
2851 3848 3011 3917 fide·

755 3958 1000 4031 litatem
1038 3961 1105 4029 in
1152 3958 1439 4051 ipsorum
1503 3960 1785 4052 capitulo
1827 3960 2102 4053 primum
2155 3961 2250 4032 eis
2288 3959 2475 4032 faciet
2525 3973 2591 4032 et
2629 3960 3009 4032 fidelitatem

757 4087 1042 4145 nostram
1083 4076 1364 4144 facturus
1429 4076 1839 4166 postmodum
1906 4077 1986 4145 ad
2045 4098 2163 4146 nos
2222 4077 2302 4146 ab
2361 4073 2522 4166 ipsis
2586 4073 2648 4144 in
2711 4090 3010 4145 nostrum

758 4187 1129 4279 capitulum,
1207 4210 1356 4259 cum
1455 4186 1820 4280 patentibus
1904 4210 2123 4260 eorum
2208 4186 2439 4260 litteris
2524 4185 3007 4259 continentibus

757 4304 928 4395 quod
1010 4324 1156 4374 eum
1251 4301 1686 4390 instituerint,
1769 4302 2258 4374 transmittetur.
2342 4300 2646 4374 Similiter
2719 4316 2783 4373 et
2858 4324 3007 4385 nos,

758 4439 905 4487 cum
936 4413 1404 4487 instituerimus
1436 4417 1890 4508 presbiterum,
1937 4430 2220 4489 nostram
2263 4414 2449 4487 nobis
2490 4414 3010 4508 primamfldeli-

760 4542 955 4601 tatem
991 4531 1060 4599 in
1101 4542 1321 4601 nostro
1361 4530 1550 4602 faciet
1587 4529 1892 4622 capitulo,
1935 4544 2000 4603 et
2043 4554 2157 4622 pro
2198 4533 2487 4621 ipsorum
2530 4528 2831 4601 fidelitate
2879 4528 3004 4600 sibi

760 4647 1172 4736 postmodum
1229 4644 1517 4719 facienda
1572 4644 1785 4738 ipsum
1846 4646 1925 4717 ad
1987 4667 2102 4717 eos
2170 4643 2236 4714 in
2309 4643 2595 4736 ipsorum
2652 4644 3004 4735 capitulum
