3485 5571
1827 665 1901 677 ..
1943 632 2021 695 32
2066 668 2142 677 ..

849 777 1012 844 quos
1064 777 1291 825 omnes
1342 758 1620 859 domnus
1684 756 2050 828 Raiuaudus
2117 782 2272 828 suos
2330 782 2477 829 esse
2534 762 2769 831 dehere
2804 759 3080 840 dicebat,

852 881 1080 957 praeter
1108 867 1253 939 illos
1300 868 1408 959 qui
1439 871 1745 940 dicuntur
1793 875 2025 960 Reges.
2062 896 2224 961 quos
2259 872 2400 944 sine
2440 872 2757 943 calumnia
2797 871 3081 944 canonici

851 982 1208 1073 possident.
1254 987 1377 1054 Sed
1415 987 1554 1054 haec
1584 985 2019 1057 controversia
2052 986 2416 1058 indiscussa
2456 989 2795 1059 remansit.

1918 1349 2050 1409 XVI

1665 1619 2053 1696 Septembre
2115 1617 2270 1679 1145

847 1839 1229 1909 composition
1251 1845 1409 1893 entre
1439 1840 1491 1893 le
1521 1840 1770 1910 chapitre
1796 1839 1866 1894 de
1907 1839 2283 1895 Sainte-Croix
2313 1846 2365 1895 et
2394 1841 2628 1896 Etienne
2679 1841 2749 1896 de
2778 1844 2992 1913 Gracay
3019 1859 3088 1896 au

916 1936 1064 2005 sujet
1085 1936 1185 1989 des
1204 1934 1463 1989 hommes
1492 1941 1544 1990 et
1575 1935 1673 1990 des
1702 1942 1885 1991 terres
1904 1935 1974 1988 de
2005 1936 2220 2005 Maray.

1569 2100 1772 2172 (Copie
1801 2099 1871 2156 de
1902 2101 2127 2167 Buluze‚
2159 2119 2213 2173 p.
2253 2101 2372 2173 93.)

936 2346 1068 2433 Ego
1132 2346 1380 2425 Petrus,
1439 2362 1557 2431 per
1600 2340 1715 2411 Dei
1779 2339 2271 2431 dispositionem
2326 2342 2749 2413 Bituricensis
2801 2344 3096 2415 ecclesiae

846 2455 1400 2548 archiepiscopu3‚
1448 2470 1669 2525 notum
1709 2477 1858 2526 esse
1889 2458 2035 2525 voto
2067 2469 2192 2525 tam
2237 2456 2666 2546 praesentibus
2705 2478 2895 2546 quam
2938 2461 3098 2528 futu-

846 2571 939 2639 ris
978 2571 1147 2658 quod
1190 2567 1539 2651 discordia,
1579 2591 1722 2659 quae
1782 2582 1920 2638 erat
1979 2570 2150 2638 inter
2187 2569 2538 2639 canonicos
2577 2573 2828 2640 Sanctae
2875 2570 3097 2640 Crucis

846 2685 1327 2757 Aurelianensis
1389 2698 1454 2755 et
1494 2688 1889 2776 Stephanum
1951 2688 2031 2754 de
2095 2683 2426 2764 Graciaco‚
2468 2686 2741 2756 consitio
2778 2701 3002 2756 nostro
3033 2699 3094 2756 et

845 2800 1226 2871 clericorum
1289 2813 1653 2870 nostrorum
1718 2799 2046 2890 pacificata
2102 2815 2205 2869 est
2269 2802 2390 2870 hoc
2453 2802 2666 2870 modo.
2730 2804 3097 2891 Stephanus

845 2914 1046 2994 enim,
1092 2911 1501 2984 satisfaciens
1527 2917 1780 2983 Sanctae
1821 2914 2099 3003 Cruci(s)
2128 2935 2241 3001 pro
2283 2914 2557 2983 diversis
2596 2914 2854 3001 injuriis
2884 2927 2950 2982 et
2996 2934 3093 2981 va-

842 3029 963 3098 riis
992 3027 1526 3119 oppressionibus
1566 3049 1725 3118 quas
1757 3028 1896 3117 ipse
1930 3030 2029 3098 vel
2057 3025 2353 3098 homines
2395 3025 2496 3096 sui
2525 3025 2868 3096 intulerant
2900 3041 3085 3097 terrae

845 3147 1093 3212 Sanctae
1133 3140 1356 3212 Crucis
1392 3151 1455 3211 et
1489 3140 1861 3210 hominibus
1896 3144 1975 3211 de
2016 3143 2313 3222 Maziaco,
2358 3155 2422 3210 et
2463 3163 2576 3230 pro
2604 3140 2790 3210 bonis
2824 3142 3091 3211 canoni-

842 3279 1065 3328 corum
1105 3254 1592 3346 propriis‚,quae
1650 3254 1789 3345 ipse
1841 3254 2150 3325 violenter
2201 3258 2578 3335 abstulerat,
2639 3253 2881 3323 dimisit
2938 3277 3095 3324 con-

844 3369 1252 3440 suetudinem
1272 3369 1620 3460 equitatus,
1648 3392 1838 3458 quam
1866 3372 2139 3439 hahebat
2160 3368 2224 3438 in
2267 3367 2634 3438 hominihus
2664 3371 2743 3438 de
2772 3370 3042 3440 Uaziaco
3070 3392 3088 3453 ;

843 3481 928 3552 ita
966 3484 1138 3572 quod
1203 3505 1324 3552 nec
1386 3481 1548 3572 ipse,
1616 3503 1733 3551 nec
1788 3502 2203 3551 successores
2264 3479 2391 3563 sui,
2434 3478 2700 3550 ulterius
2738 3482 2977 3550 ducant
3020 3479 3082 3549 in

843 3595 1195 3684 equitatum
1236 3594 1511 3684 aliquem
1554 3596 1634 3663 de
1675 3591 2045 3661 hominibus
2084 3591 2208 3661 inis
2248 3591 2355 3681 qui
2397 3590 2820 3662 habitaverint
2861 3592 2924 3662 in
2973 3616 3093 3683 po-

845 3721 1074 3777 testate
1140 3704 1535 3786 Maziacensi‚
1602 3705 1850 3774 scilicet
1892 3708 2050 3773 intra
2089 3704 2412 3788 hanniam,
2456 3707 2921 3795 cujuscumque
2964 3708 3086 3775 ho-

847 3819 1054 3890 mines
1084 3818 1239 3901 sint,
1282 3821 1415 3890 sive
1455 3822 1705 3889 Sanctae
1746 3817 1968 3888 Crucis
2008 3817 2140 3887 sive
2166 3816 2455 3887 alterius.
2500 3820 2812 3888 Praeterea
2844 3817 3090 3887 dimisit

844 3933 1136 4003 ecciesiae
1195 3937 1444 4003 Sanctae
1500 3933 1722 4003 Crucis
1777 3948 1973 4002 totam
2050 3933 2466 4002 hereditatem
2520 3931 2843 4013 Pastonis‚
2897 3955 3085 4023 quam

845 4051 1120 4117 hahebat
1159 4047 1222 4116 in
1257 4061 1419 4117 terra
1453 4047 1852 4130 Uaziacensi,
1888 4063 1952 4116 ut
1993 4046 2286 4117 canonici
2327 4050 2601 4117 habeant
2631 4070 2771 4117 eam
2810 4046 3086 4137 quietam

845 4160 910 4230 in
952 4176 1359 4253 perpetuum.
1405 4163 1711 4232 Homines
1741 4184 1997 4252 quoque
2037 4165 2288 4231 Sanctae
2328 4160 2549 4231 Crucis
2587 4161 2694 4251 qni
2736 4165 2815 4231 ab
2854 4161 2959 4231 ina
2988 4160 3087 4230 die
3167 4175 3172 4180 ·

846 4302 968 4367 qua
1002 4281 1139 4349 haec
1179 4278 1522 4348 concordia
1561 4277 1918 4368 composita
1957 4292 2058 4348 est
2097 4276 2363 4347 exierint
2403 4282 2481 4348 de
2521 4293 2685 4348 terra
2721 4275 3083 4349 Maziacensi

848 4394 927 4462 ad
969 4392 1381 4462 habitandum
1420 4391 1484 4461 in
1541 4391 1660 4462 alia
1702 4406 1896 4474 terra,
1936 4414 2100 4481 quos
2138 4405 2323 4461 antea
2364 4392 2544 4482 quasi
2585 4415 2741 4462 suos
2782 4394 3089 4462 reclama·

849 4511 979 4589 hat,
1022 4505 1291 4590 dimisit,
1333 4521 1398 4576 et
1446 4505 1771 4576 concessit
1815 4520 1880 4575 ut
1931 4504 2222 4576 canonici
2287 4521 2710 4596 sequerentur
2759 4530 2873 4576 eos
2924 4529 3079 4595 quo-

848 4644 1102 4711 cunque
1142 4620 1352 4702 ierint,
1395 4636 1457 4690 et
1497 4619 1593 4690 eis
1630 4618 1994 4709 ubicunque
2050 4620 2370 4710 potuerint
2405 4619 2837 4690 dominentur.
2893 4618 3084 4689 Dimi-
