3485 5571
1405 678 1761 744 —169—

440 813 874 896 innodantes,
917 810 1026 901 qui
1067 809 1218 882 huic
1256 824 1475 881 nostre
1518 806 1843 880 donationi
1891 810 1987 879 vel
2059 804 2504 877 constitutioni
2555 829 2710 877 con-

443 927 653 999 traire
719 928 1254 1018 presumpserint.
1316 932 1541 997 Actum
1601 926 1858 1016 publice
1942 926 2323 1008 Aurelianis,
2395 946 2565 993 anno
2631 924 2710 993 ab

443 1038 898 1111 incarnatione
924 1038 1181 1110 Domini
1211 1044 1286 1110 ‚tt-
1320 1043 1390 1109 C·
1440 1043 1608 1109 LXX·
1656 1042 1789 1123 V1·‚
1834 1037 2244 1128 episcopatus
2303 1059 2451 1107 vero
2509 1034 2708 1106 nostri

445 1176 636 1224 anno
667 1167 1017 1225 tricesimo.

1415 1463 1761 1525 LXXXVlll

1150 1721 1284 1800 [Av.
1330 1723 1390 1783 le
1422 1723 1509 1783 1⁸³r
1538 1685 1828 1800 octobre]
1876 1720 2034 1782 1176

450 1951 745 2017 Manasse,
776 1952 989 2021 aveque
1016 1952 1325 2020 d’Orleans‚
1358 1959 1519 2023 ayant
1546 1952 1734 2008 donne
1764 1951 1976 2022 l'eglise
2005 1951 2075 2006 de
2110 1951 2389 2006 Chilleurs
2423 1952 2455 2005 a
2484 1950 2537 2005 la
2564 1950 2715 2005 mai-

532 2064 641 2102 son
669 2047 738 2103 de
769 2049 823 2103 la
851 2048 1135 2118 Gervaise‚
1166 2049 1487 2120 possession
1518 2048 1592 2103 du
1624 2048 1897 2119 chapitre,
1916 2046 2110 2103 decide
2135 2063 2246 2118 que
2275 2053 2417 2102 cette
2447 2047 2618 2116 eglise
2646 2062 2717 2102 ne

530 2160 743 2218 pourra
771 2146 1097 2217 appartenir
1124 2145 1252 2216 qu'a
1277 2160 1413 2200 ceux
1452 2144 1546 2216 qui
1588 2144 1878 2200 tiendront
1902 2144 1978 2200 du
2003 2144 2253 2216 chapitre
2280 2144 2448 2198 ladite
2478 2143 2712 2198 maison.

930 2291 1117 2362 (Orig.
1153 2308 1200 2347 s,
1232 2291 1424 2361 parch.
1454 2292 1623 2346 Arch.
1658 2292 1733 2347 du
1764 2292 1974 2360 Loiret,
2002 2294 2068 2348 G.
2099 2291 2248 2362 321).

557 2480 729 2550 Licet
772 2479 1209 2550 universorum
1244 2478 1524 2550 fidelium
1567 2477 1820 2550 devotio
1867 2479 2145 2551 ecclesie
2206 2478 2566 2550 commodis
2619 2481 2717 2549 in-

455 2607 801 2664 cessanter
837 2607 1057 2664 eterne
1098 2592 1639 2664 remunerationis
1666 2592 1897 2664 intuitu
1956 2593 2302 2684 invigilare
2343 2596 2599 2676 debeat,
2650 2593 2710 2663 id

457 2722 680 2777 tamen
742 2706 1160 2777 sollicitudini
1203 2729 1426 2778 eorum
1459 2706 1805 2799 specialius
1853 2705 2166 2778 incumbit
2205 2707 2312 2797 qui
2379 2707 2718 2779 ecclesias-

458 2822 612 2892 ticis
648 2821 1002 2892 honoribus
1044 2838 1499 2913 promoventur
1528 2836 1593 2893 et
1630 2821 1937 2914 ampliora
1978 2826 2257 2894 ecclesie
2288 2822 2716 2914 percipientes

459 2935 790 3026 stipendia
831 2939 910 3006 ab
950 2939 1256 3007 uberibus
1288 2939 1427 3027 ejus
1468 2935 1813 3026 benignius
1842 2940 2282 3007 conloventur.
2338 2941 2462 3006 Hac
2528 2937 2718 3026 igitur

457 3050 986 3121 consideratione
1028 3050 1353 3133 inductus,
1398 3072 1518 3140 ego
1569 3050 1967 3143 manasses]
2023 3049 2135 3121 Dei
2183 3049 2381 3140 gratia
2438 3050 2716 3121 Aurelia-

460 3162 691 3233 nensis
720 3163 1092 3253 episcopus,
1137 3177 1261 3233 tam
1305 3162 1535 3233 futuris
1576 3187 1767 3254 quam
1813 3166 2220 3254 presentibus
2290 3176 2510 3234 notum
2581 3164 2715 3232 lieri

422 3279 915 3347 ‘desideramus
959 3280 1127 3365 quod
1183 3276 1520 3348 ecclesiam
1578 3280 1657 3348 de
1738 3277 2078 3360 Chilleriis‚
2129 3301 2318 3367 quam
2382 3280 2461 3347 de
2523 3299 2715 3346 manu

462 3390 626 3461 laica
668 3414 814 3460 cum
850 3414 1096 3460 summa
1137 3391 1506 3461 difficultate
1551 3395 1806 3462 tandem
1849 3396 1983 3462 Deo
2016 3393 2277 3483 juvante
2310 3390 2713 3473 retraximuS,

462 3527 658 3597 quam
693 3504 883 3575 etiam
918 3507 1287 3587 Alexander,
1349 3510 1728 3576 Sacrosante
1780 3510 2060 3576 Romane
2098 3505 2382 3576 Ecclesie
2423 3529 2716 3575 summus

463 3634 535 3691 et
561 3618 943 3690 universalis
972 3618 1278 3710 pontifex,
1303 3621 1578 3711 benigne
1606 3618 1792 3690 nobis
1820 3622 2175 3689 habendam
2204 3619 2528 3691 concessit
2557 3619 2718 3690 litte-

464 3734 685 3825 risque
712 3732 848 3805 suis
904 3733 1051 3804 inde
1093 3732 1279 3804 nobis
1341 3733 1605 3804 indultis
1668 3734 2002 3804 actoritate
2064 3736 2412 3824 apostolica
2477 3736 2716 3803 confir·

467 3850 688 3933 mavit,
720 3854 737 3886 ¹
780 3853 1059 3941 capitulo
1100 3862 1321 3920 sancte
1351 3850 1571 3919 Crucis
1596 3848 1693 3941 pia
1723 3848 2205 3939 dispensatione
2233 3850 2296 3918 in
2330 3869 2707 3940 perpetuum

542 4168 559 4200 ¹
600 4166 749 4221 Voici
783 4166 835 4219 la
863 4164 1019 4221 bulle
1046 4167 1141 4238 qui
1176 4166 1442 4223 confirme
1479 4169 1511 4222 a
1553 4169 1802 4240 l'eveque
1849 4168 2143 4225 d’Orleans
2189 4169 2241 4222 la
2282 4169 2602 4239 possession
2651 4169 2720 4223 de

470 4255 683 4324 l'eglise
712 4254 783 4309 de
813 4254 1132 4311 Chilleurs:
1182 4289 1253 4295 —
1296 4258 1613 4321 Ferentino,
1639 4258 1701 4312 11
1759 4259 1814 4325 (5
1857 4258 1956 4313 des
2001 4258 2142 4325 ides)
2179 4257 2362 4326 juillet
2408 4258 2624 4327 [11751.
2656 4289 2716 4298 —

476 4363 502 4399 ι
529 4343 844 4399 Alexander
872 4345 1169 4415 episcopus
1200 4362 1393 4401 servus
1422 4363 1715 4402 servorum
1738 4347 1864 4417 Dei,
1886 4346 2189 4402 venerabili
2218 4347 2376 4402 fratri
2404 4349 2719 4417 M[anasse]

471 4433 868 4489 Aurelianensi
898 4434 1181 4505 episcopo,
1231 4436 1469 4490 salutem
1518 4438 1569 4491 el
1624 4437 1984 4507 apostolicam
2029 4436 2495 4491 benedictionem.
2547 4438 2721 4491 Justis

469 4524 786 4593 petentium
814 4523 1106 4578 desideriis
1130 4523 1364 4594 dignum
1395 4530 1479 4579 est
1506 4542 1608 4579 nos
1633 4526 1852 4580 facilem
1874 4526 2108 4597 prebere
2137 4542 2496 4593 consensum,
2519 4533 2571 4581 et
2592 4533 2721 4581 vota

474 4630 586 4684 que
614 4630 646 4667 a
690 4612 922 4667 rationis
953 4613 1174 4667 tramite
1202 4630 1316 4668 non
1346 4613 1690 4683 discordant,
1741 4616 1942 4670 effectu
1989 4621 2118 4670 sunt
2161 4622 2537 4686 prosequente
2579 4633 2725 4669 com-

474 4702 695 4773 plenda.
730 4701 1060 4773 Eapropter,
1092 4702 1424 4758 venerabilis
1449 4702 1507 4756 in
1534 4703 1751 4758 Christo
1781 4705 1976 4771 frater,
2008 4703 2118 4759 tuis
2143 4704 2314 4772 justis
2338 4704 2724 4775 postulationi-
