3485 5571
1378 688 1691 750 -11-

405 811 832 884 anniversaria
930 826 993 883 et
1068 835 1264 884 unum
1347 836 1690 905 pauperem
1760 828 2025 905 pascent
2115 840 2230 908 pro
2323 816 2511 888 nobis
2590 818 2652 888 in

405 942 808 1019 perpetuum.
854 932 1185 998 Postremo
1218 950 1340 1018 ego
1404 930 1625 999 Simon
1694 933 1778 999 do
1815 932 2095 1002 ecclesie
2174 930 2346 1001 Beati
2413 931 2657 1002 Martini

404 1041 656 1133 Majoris
692 1041 1053 1112 Monasterii
1097 1042 1438 1113 ecclesiam
1504 1047 1693 1113 Beate
1751 1043 1935 1114 Marie
1992 1044 2145 1114 Boni
2207 1044 2466 1117 Nuncii.
2528 1045 2659 1137 Ipsi

402 1170 613 1226 autem
713 1156 1009 1227 monachi
1106 1158 1522 1226 celebrabunt
1603 1156 1934 1227 annuatim
2007 1181 2121 1249 per
2202 1181 2428 1231 omnes
2503 1184 2656 1232 suas

404 1267 714 1340 ecclesias
790 1268 1294 1340 anniversarium
1378 1292 1591 1339 meum
1660 1285 1724 1340 et
1792 1273 2039 1341 Radulfi
2115 1271 2238 1342 mei
2319 1273 2513 1363 patris
2589 1286 2653 1345 et

404 1381 760 1452 Adenordis
801 1404 943 1452 mee
982 1380 1281 1474 conjugis
1319 1396 1380 1452 et
1417 1382 1542 1452 mei
1593 1382 1851 1454 heredis
1888 1383 1994 1474 qui
2050 1387 2172 1456 boc
2211 1387 2450 1456 donum
2507 1409 2658 1457 con·

405 1495 673 1567 cesserit
734 1494 1162 1567 anniversaria
1224 1509 1287 1566 et
1330 1509 1595 1587 pascent
1661 1500 1725 1566 in
1785 1511 2162 1589 perpetuum
2240 1521 2437 1575 unum
2506 1523 2657 1590 pau-

405 1632 619 1700 perem
690 1623 754 1681 et
815 1607 1108 1680 similiter
1164 1609 1228 1679 in
1295 1610 1647 1681 elemosina
1687 1613 1984 1702 ejusdem
2027 1613 2304 1685 ecclesie
2389 1630 2661 1705 pascent

402 1723 590 1797 alium
672 1746 1040 1815 pauperem.
1098 1729 1327 1795 Notum
1396 1726 1479 1795 sit
1535 1728 1703 1815 quod
1747 1749 1869 1817 ego
1920 1724 2144 1798 Simon
2186 1728 2358 1799 dono
2396 1732 2649 1802 abbane

408 1843 594 1909 Beate
676 1837 861 1909 Marie
937 1838 1461 1928 Balgenciacensi
1539 1838 1693 1910 salis
1798 1839 2034 1910 minam
2111 1844 2191 1912 de
2268 1866 2648 1934 unaquaque

405 1974 558 2023 nave
612 1954 858 2024 ferente
886 1954 979 2023 sal
1020 1955 1099 2023 de
1147 1975 1269 2042 qua
1326 1953 1510 2043 capio
1564 1974 1780 2025 meum
1831 1952 2168 2045 pedagium
2232 1970 2296 2026 et
2359 1961 2650 2028 concedo

407 2064 616 2137 eidem
690 2088 881 2137 unam
977 2088 1298 2137 masuram
1382 2070 1551 2158 apud
1620 2067 2160 2158 Mungtigniacum
2238 2069 2502 2142 liberam
2591 2085 2658 2142 et

411 2179 690 2270 quietam
732 2179 794 2249 in
837 2203 959 2270 qua
1018 2180 1347 2272 capiebam
1400 2181 1702 2272 quicquid
1767 2184 2082 2253 volebam.
2125 2187 2256 2275 Ego
2308 2183 2526 2255 Simon
2571 2188 2654 2255 do

408 2297 468 2363 in
512 2307 893 2386 perpetuum
951 2309 1015 2365 et
1080 2298 1367 2366 concedo
1436 2295 1812 2380 nundinam,
1894 2296 2139 2368 scilicet
2205 2297 2409 2369 sancti
2478 2298 2651 2370 Beati

408 2410 569 2498 apud
609 2407 1035 2479 Vindocinum
1074 2407 1325 2492 seriam,
1370 2423 1581 2500 preter
1610 2408 1936 2501 justiciam
1977 2426 2037 2481 et
2100 2414 2300 2483 l'el'um
2356 2433 2649 2483 meorum

411 2522 741 2593 clientum.
782 2526 912 2615 Ego
949 2523 1164 2593 Simon
1199 2546 1314 2615 pro
1353 2546 1493 2595 mea
1535 2538 1599 2594 et
1647 2528 1718 2595 R.
1763 2525 1884 2596 mei
1947 2525 2142 2616 patris
2187 2527 2398 2598 anima
2438 2541 2503 2598 et
2535 2550 2651 2618 pro

412 2636 669 2707 domine
710 2637 1064 2708 Adenordis
1095 2650 1157 2709 et
1198 2637 1320 2708 mei
1364 2638 1619 2709 heredis
1669 2639 1778 2729 qui
1855 2643 1978 2709 boc
2053 2640 2440 2711 beneficium
2507 2664 2659 2712 con-

407 2750 677 2823 cesserit
714 2750 1050 2823 animabus
1087 2750 1331 2843 accipio
1359 2751 1420 2821 in
1455 2775 1596 2824 mea
1621 2752 1914 2824 custodia
1945 2755 2111 2848 apud
2147 2758 2388 2826 Mores¹
2422 2777 2651 2828 omnes

408 2888 506 2935 res
567 2888 795 2937 eorum
851 2865 957 2955 qui
1021 2880 1171 2935 sunt
1227 2865 1457 2957 proprii
1537 2867 1833 2938 homines
1896 2881 1961 2937 et
2010 2868 2402 2958 pertinentes
2449 2869 2657 2941 abatie

409 2979 620 3051 Sancti
664 2980 1062 3051 Launomari.
1121 2980 1212 3050 Illi
1273 3003 1420 3051 vero
1461 3004 1586 3051 non
1633 2980 1817 3052 ibunt
1859 2982 2090 3053 Blesim
2133 2984 2390 3073 quando
2429 3006 2655 3074 guerra

409 3095 519 3161 erit
559 3093 733 3163 inter
789 3092 1018 3164 Blesim
1081 3109 1144 3164 et
1185 3093 1671 3184 Balgenciacum
1738 3094 1862 3165 nisi
1906 3118 2017 3185 per
2050 3093 2371 3165 licentiam
2412 3095 2654 3165 domini

409 3207 807 3299 Balgenciaci
846 3224 910 3279 et
949 3208 1155 3279 eidem
1195 3209 1458 3280 domino
1498 3210 1731 3281 lacient
1768 3209 2167 3281 fidelitatem.

495 3325 722 3392 Adbuc
760 3321 950 3393 etiam
1003 3345 1122 3412 ego
1192 3322 1409 3393 Simon
1470 3321 1717 3414 accipio
1777 3323 1839 3393 in
1887 3346 2028 3394 mea
2080 3325 2373 3395 custodia
2429 3347 2655 3395 omnes

408 3458 503 3506 res
530 3447 749 3527 preter
786 3436 1061 3507 rusticos
1100 3460 1260 3527 quas
1307 3436 1600 3508 canonici
1662 3441 1853 3509 Beate
1908 3439 2095 3508 Marie
2149 3438 2353 3509 Blesis
2418 3440 2656 3509 babent

408 3547 467 3618 in
509 3573 634 3620 suo
672 3548 984 3620 dominio.

488 3667 623 3754 Ego
663 3663 879 3733 Simon
920 3667 1002 3735 do
1059 3678 1118 3734 et
1184 3665 1246 3733 in
1307 3679 1685 3756 perpetuum
1749 3667 1864 3758 (et)
1927 3669 2218 3737 concedo
2283 3667 2651 3739 Elemosine

410 3776 612 3847 Blesis
671 3800 860 3847 unam
911 3801 1229 3848 masuram
1291 3781 1457 3869 apud
1502 3779 1884 3849 Sodobrium
1927 3779 2190 3850 liberam
2254 3794 2319 3852 et
2367 3780 2652 3872 quietam

409 3904 466 3959 et
534 3894 807 3961 herbam
883 3894 1153 3962 duorum
1224 3905 1631 3983 arpentorum
1708 3893 1865 3984 prati
1932 3897 2138 3965 donec
2225 3897 2371 3966 dem
2429 3895 2486 3966 ei
2570 3899 2653 3965 110

411 4004 565 4093 prati
608 4019 892 4095 arpenta.
1198 4007 1203 4012 ’

495 4121 817 4204 Quando²
875 4116 1173 4189 dominus
1234 4124 1467 4210 Symon
1542 4144 1844 4211 agressus
1918 4136 2018 4192 est
2077 4122 2200 4192 iter
2274 4127 2339 4193 S.
2419 4122 2639 4192 Jacobi

413 4235 680 4303 debebat
736 4232 996 4303 domino
1053 4237 1252 4304 Barbe
1319 4238 1397 4305 de
1464 4240 1696 4305 Sancto
1766 4239 2008 4307 Cerano
2059 4241 2104 4306 C
2170 4237 2364 4308 libras
2434 4239 2646 4307 Ande·

482 4604 499 4637 ¹
539 4604 851 4660 Au-dessus
881 4603 949 4659 de
980 4604 1191 4674 Μονεε,
1223 4606 1359 4660 dans
1391 4605 1746 4675 l’interligne,
1775 4612 1857 4660 est
1883 4605 2020 4659 ecrit
2045 4624 2058 4660 z
2093 4604 2233 4660 villa
2263 4611 2362 4661 est.

482 4691 504 4725 ²
532 4696 677 4750 Avec
704 4710 769 4750 ce
797 4699 913 4749 mot
941 4710 1265 4751 commence
1291 4693 1344 4751 la
1373 4694 1613 4750 seconde
1637 4694 1875 4750 colunne
1905 4694 1974 4749 de
2006 4694 2164 4750 l’acte
2186 4694 2445 4766 original.
