3485 5571
1332 686 1689 749 —315-

1370 1092 1656 1154 CCXXIV

1222 1375 1611 1455 Septembre
1630 1373 1791 1437 1230

385 1600 751 1657 Ordonnance
775 1600 1089 1672 episcopale
1118 1601 1509 1674 interpretem,
1537 1602 1793 1659 d‘accord
1820 1618 1951 1657 avec
1982 1603 2031 1656 le
2062 1603 2332 1676 chapitre,
2358 1602 2631 1657 certaines

451 1698 668 1751 clauses
697 1695 964 1752 obscures
996 1696 1067 1751 de
1093 1697 1249 1753 l’acte
1272 1697 1340 1752 de
1372 1698 1636 1753 donation
1663 1698 1731 1754 de
1756 1699 1969 1770 l’eglise
1993 1698 2062 1752 de
2093 1698 2392 1752 Chilleurs.

492 1842 672 1912 (Orig.
700 1858 800 1896 sur
826 1843 1018 1913 perch.
1050 1844 1226 1901 Arch.
1254 1843 1330 1899 du
1362 1843 1565 1909 Loiret,
1595 1844 1662 1902 G.
1685 1844 1786 1899 441
1819 1860 1834 1917 3
1864 1844 2117 1900 mention
2139 1842 2483 1917 Scriptum).

469 2064 827 2157 Philippus,
871 2066 985 2136 Dei
1048 2068 1262 2157 gracia
1327 2064 1806 2140 Aurelianensis
1874 2063 2244 2156 episcopus,
2319 2065 2627 2134 omnibus

378 2192 715 2270 presentes
755 2180 998 2251 litteras
1049 2180 1439 2271 inspecturis
1504 2184 1776 2253 salutem
1844 2179 1907 2250 in
1971 2179 2270 2254 Domino.
2326 2178 2629 2251 Noveriut

376 2295 659 2367 universi
722 2299 896 2385 quod
950 2319 1095 2367 cum
1146 2311 1323 2367 esset
1361 2311 1497 2368 orta
1539 2295 1881 2368 contencio
1946 2295 2113 2367 inter
2153 2319 2296 2378 nos,
2359 2318 2431 2366 ex
2499 2318 2622 2365 una

375 2421 579 2499 parte,
634 2424 698 2480 et
737 2412 1008 2484 dilectos
1046 2410 1212 2482 filios
1252 2414 1568 2482 decanum
1616 2425 1679 2481 et
1715 2411 2062 2501 capitulum
2104 2408 2622 2491 Aurelianenses‚

370 2545 441 2593 ex
479 2527 708 2605 altera,
746 2547 943 2615 super
968 2524 1415 2615 jurisdictione
1440 2525 1880 2596 ecclesiastica
1920 2523 2262 2616 presbiteri
2303 2539 2366 2594 et
2407 2547 2624 2615 parro-

370 2637 749 2711 chianorum
809 2641 889 2708 de
951 2640 1281 2718 Chillerra‚
1328 2637 1592 2728 predicti
1659 2640 1944 2709 decanus
2010 2652 2073 2709 et
2134 2640 2511 2728 capitulum,
2559 2652 2628 2709 ut

369 2765 697 2822 constaret
737 2751 927 2824 nobis
967 2753 1047 2823 de
1079 2753 1224 2843 jure
1264 2775 1407 2835 suo,
1454 2775 1648 2844 super
1669 2756 1792 2823 boc
1822 2751 2069 2823 litteras
2113 2755 2279 2823 bone
2308 2755 2619 2825 memorie

367 2873 661 2940 Manasse
700 2871 781 2939 de
820 2872 1145 2952 Gallanda‚
1182 2872 1504 2960 quondam
1547 2868 2025 2941 Aurelianensis
2064 2869 2378 2960 episcopi,
2413 2868 2625 2960 sigillo

372 2983 577 3073 ipsius
610 2982 947 3073 sigillatas,
989 2982 1179 3054 nobis
1209 2983 1633 3054 exhibuerunt
1672 2983 1735 3053 in
1778 2987 1899 3055 hec
1937 2985 2173 3053 verba:

452 3103 598 3189 Ego
670 3101 1018 3179 Manasses,
1082 3109 1255 3168 etc...
1327 3095 1502 3168 Licet
1563 3097 2002 3169 universorum
2068 3096 2376 3181 fidelium,
2444 3108 2618 3168 etc...

365 3213 496 3303 (ch.
540 3214 910 3301 LXXXVII).
951 3214 1182 3282 Verum
1242 3210 1387 3302 quia
1432 3210 1496 3280 in
1539 3211 1785 3282 eisdem
1823 3210 2054 3283 litteris
2092 3214 2367 3303 quedam
2427 3209 2619 3282 nimis

362 3328 648 3396 obscure
678 3323 846 3394 dicta
884 3347 1032 3395 esse
1071 3328 1461 3415 apparebant
1492 3339 1555 3396 et
1603 3329 1878 3415 quedam
1922 3324 2119 3395 nimis
2158 3329 2331 3415 large
2385 3347 2617 3396 sonare

360 3440 775 3522 videbantur,
821 3442 900 3510 de
935 3444 1266 3510 communi
1302 3453 1526 3510 nostro
1568 3441 1866 3510 videlicet
1912 3454 1975 3510 et
2014 3441 2237 3511 decani
2288 3463 2362 3511 ac
2413 3440 2620 3511 tocius

359 3551 634 3644 capituli
676 3576 1030 3636 consensu,
1068 3552 1505 3626 mediantibus
1547 3553 1705 3624 viris,
1748 3554 1962 3635 bonis,
2016 3569 2081 3624 et
2119 3553 2484 3627 obscuritas
2514 3558 2623 3627 de-

358 3671 605 3739 clarata
668 3682 733 3738 et
782 3670 1042 3759 largitas
1083 3682 1437 3758 temperata
1474 3682 1574 3738 est
1631 3667 1801 3739 circa
1842 3672 2154 3758 quosdam
2196 3669 2503 3740 articulos
2558 3669 2618 3737 in

358 3783 534 3852 hunc
576 3783 871 3852 modum.
917 3783 1234 3852 Sacerdos
1275 3780 1592 3872 siquidem
1637 3780 1922 3872 predicte
1959 3781 2239 3854 ecclesie
2271 3787 2368 3853 vel
2409 3783 2621 3872 capel-

357 3899 549 3967 lanus
580 3893 690 3986 qui
725 3916 836 3985 pro
863 3908 1152 3985 tempore
1179 3897 1369 3964 l'uerit
1407 3896 1486 3964 ad
1514 3898 1798 3986 synodos
1824 3895 2112 3987 episcopi
2146 3895 2621 3967 Aurelianensis

356 4010 605 4091 veniet,
653 4021 719 4078 ut
757 4007 843 4078 ibi
903 4011 1156 4079 decreta
1219 4021 1282 4078 et
1348 4012 1645 4079 mandata
1712 4012 1791 4079 ab
1850 4010 2157 4101 episcopo
2220 4013 2621 4101 promulgata

354 4125 581 4194 audiat
611 4147 628 4207 ;
664 4124 834 4212 quod
873 4123 929 4191 si
960 4144 1106 4192 eum
1150 4145 1277 4193 non
1318 4121 1533 4193 venire
1587 4125 1681 4193 vel
1723 4145 1796 4192 ea
1838 4146 1967 4193 non
2009 4126 2350 4195 observare
2406 4124 2620 4194 couti-

354 4236 548 4328 gerit,
581 4235 865 4326 capitulo
908 4238 1000 4306 vel
1034 4234 1092 4306 ei
1125 4237 1231 4326 qui
1273 4238 1448 4307 vices
1480 4236 1736 4327 capituli
1765 4251 1942 4327 geret
1975 4236 2038 4305 in
2071 4241 2189 4306 hac
2212 4252 2389 4326 parte
2428 4261 2622 4328 super

353 4354 483 4422 hoc
524 4349 910 4432 satisfaciet,
953 4364 1017 4420 et
1053 4350 1362 4440 episcopo
1402 4351 1593 4420 etiam
1632 4348 1687 4421 si
1710 4350 1993 4441 requirat
2026 4351 2153 4421 sibi
2195 4353 2492 4422 satisfieri
2539 4355 2617 4423 de

355 4478 765 4555 contemptu,
794 4467 906 4534 sed
945 4463 1002 4534 ei
1048 4478 1260 4534 tamen
1304 4487 1428 4534 non
1472 4462 1593 4533 nisi
1636 4463 2098 4555 perjusticiam
2129 4463 2389 4554 capituli
2431 4464 2614 4535 satis-

354 4582 491 4651 fiet.
539 4578 778 4649 Pensio
829 4593 1040 4648 autem
1082 4602 1271 4669 quam
1315 4579 1600 4667 predicte
1649 4578 1928 4650 ecclesie
1970 4578 2287 4668 presbiter
2336 4580 2617 4668 capitulo

358 4693 643 4788 singulis
680 4692 867 4762 annis
906 4706 1157 4768 tenetur
1196 4694 1444 4763 solvere
1484 4715 1802 4763 summam
1846 4692 2061 4783 viginti
2106 4691 2456 4770 solidorum
2490 4716 2617 4772 non
