3485 5571
1397 656 1752 721 —417—

454 784 755 858 omnibus
803 798 1136 879 presentes
1203 783 1446 856 litteras
1495 784 1883 876 inspecturis
1943 787 2215 858 salutem
2275 786 2341 858 in
2397 784 2697 857 Domino.

456 900 768 972 Noveritis
810 924 931 973 nos
972 899 1215 971 litteras
1253 902 1374 971 sub
1432 897 1641 990 sigillo
1705 899 1882 971 curie
1951 912 2171 971 nostre
2226 900 2702 972 Aurelianensis

459 1012 767 1104 sigillatas
809 1013 1043 1086 vidisse
1082 1026 1145 1087 et
1185 1012 1524 1105 diligenter
1561 1012 1924 1105 inspexisse
1955 1017 2035 1086 de
2075 1018 2268 1086 verbo
2308 1017 2387 1085 ad
2435 1018 2698 1087 verbum

459 1130 580 1198 sub
604 1131 725 1199 hac
765 1131 1009 1200 forma:

551 1242 866 1314 Omnibus
931 1256 1267 1335 presentes
1343 1242 1589 1315 litteras
1671 1241 2087 1334 inspecturis,
2155 1242 2444 1316 officialis
2528 1243 2703 1316 curie

461 1355 938 1429 Aurelianensis
972 1362 1244 1430 salutem
1284 1360 1352 1430 in
1390 1357 1691 1429 Domino.
1754 1356 2068 1429 Noveritis
2117 1361 2289 1449 qnod
2329 1357 2705 1430 Guillelmus

460 1468 712 1543 Jodoini
775 1474 855 1543 de
926 1475 1283 1559 Roncheto,
1339 1475 1418 1543 de
1472 1470 1802 1563 parrochia
1870 1476 1949 1544 de
1999 1474 2338 1562 Chaverni,
2401 1475 2700 1563 armiger,

462 1587 674 1670 AaleS,
715 1591 948 1677 Agnes,
980 1584 1390 1678 Eremburgis
1420 1600 1486 1657 et
1530 1585 1820 1669 Corvina‚
1858 1610 2111 1658 sorores
2150 1586 2298 1657 dicti
2360 1586 2703 1671 Guillelmi,

463 1714 531 1772 et
569 1701 833 1772 Colinus
863 1703 943 1771 de
995 1703 1271 1783 ltlelleto‚
1326 1699 1597 1771 maritus
1655 1699 1824 1772 dicte
1890 1701 2323 1791 Eremburgis,
2382 1705 2708 1772 ,lohannes

464 1813 743 1902 Jodoini,
791 1813 1147 1906 Philippus,
1216 1818 1581 1906 Stephanus
1641 1828 1704 1887 et
1782 1815 2097 1898 Amelina‚
2166 1816 2347 1887 liberi
2419 1813 2703 1886 defuncti

464 1931 778 2000 ¹lobannis
818 1931 896 2000 de
936 1927 1420 2011 Remorantino‚
1450 1926 1703 2010 militis,
1731 1941 1795 1999 et
1838 1934 2061 2000 Petrus
2102 1932 2403 2021 Lebugle,
2447 1930 2710 2001 maritus

472 2040 642 2113 dicte
699 2040 1008 2127 Ameline,
1060 2045 1138 2113 de
1179 2043 1514 2134 parrochia
1569 2044 1648 2113 de
1686 2042 2095 2130 Villahervei,
2140 2057 2209 2114 ut
2270 2044 2590 2124 dicebant,
2648 2059 2712 2115 et

468 2158 846 2228 Guillelmus
872 2159 950 2228 de
990 2161 1218 2240 Ponte,
1250 2155 1583 2251 constituti
1612 2180 1832 2227 coram
1876 2157 2010 2228 viro
2036 2158 2380 2229 venerabili
2408 2158 2711 2249 magistro

466 2273 732 2352 Jacobo‚
775 2271 1088 2343 canonico
1128 2269 1592 2356 Aurelianensi,
1635 2272 1713 2340 ad
1757 2275 1881 2342 hoc
1927 2273 2071 2342 loco
2113 2271 2311 2342 nostri
2353 2271 2717 2364 specialiter
2779 2332 2782 2336 a

472 2383 793 2456 destinato
834 2398 897 2456 et
932 2385 1033 2455 cui
1075 2387 1284 2475 quoad
1327 2388 1447 2456 hec
1492 2388 1679 2456 fidem
1726 2384 2132 2470 adhibemus,
2177 2385 2309 2457 viro
2371 2386 2733 2463 venerabili

469 2497 776 2590 magistro
808 2498 1082 2589 Hugoni‚
1120 2498 1397 2570 ecclesie
1433 2498 1908 2570 Aurelianensis
1948 2499 2425 2583 archidiacono,
2475 2504 2551 2571 ad
2594 2504 2718 2573 hoc

474 2612 843 2705 specialiter
879 2615 1204 2685 destinato
1245 2611 1506 2684 nomine
1538 2612 2000 2684 venerabilium
2056 2614 2334 2685 virorum
2390 2615 2616 2686 decani
2658 2630 2723 2686 et

470 2729 740 2819 capituli
798 2725 1383 2810 Aurelianensium,
1422 2728 1849 2798 vendiderunt
1913 2741 1977 2799 et
2033 2742 2496 2800 concesserunt
2564 2728 2721 2821 ipsis

473 2845 717 2914 decano
760 2840 1141 2938 etgcapitulo
1181 2840 1652 2933 imperpetuum
1717 2841 1982 2933 pacifice
2050 2841 2433 2932 possidenda
2471 2843 2722 2914 scilicet

471 2958 682 3028 dictus
714 2955 1088 3028 Guillelmus
1107 2957 1365 3027 Jodoini
1402 2959 1665 3028 terciam
1714 2971 1958 3047 partem
2002 2955 2199 3027 totius
2256 2971 2478 3047 quarte
2525 2958 2722 3049 partis

473 3073 868 3143 decimarum
913 3069 1037 3140 vini
1079 3074 1157 3141 de
1186 3069 1514 3159 parrochia
1556 3072 1635 3141 de
1694 3070 1998 3141 Fontanis
2052 3085 2115 3141 et
2163 3071 2424 3141 terciam
2479 3088 2720 3163 partem

473 3184 680 3256 tocius
711 3187 905 3255 tercie
947 3183 1140 3275 partis
1186 3182 1576 3254 decimarum
1620 3184 1790 3254 bladi
1833 3187 1911 3254 de
1966 3186 2191 3254 eadem
2256 3185 2584 3276 parrochia
2644 3188 2722 3258 de

474 3297 798 3379 Fontanis,
835 3299 1111 3370 deducto
1142 3311 1354 3368 tamen
1396 3320 1469 3368 ex
1509 3296 1647 3389 ipsa
1687 3297 1884 3369 tercia
1922 3311 2098 3389 parte
2155 3298 2360 3390 ipsius
2402 3298 2720 3370 Guillelmi

470 3411 728 3484 lodoini
770 3413 939 3483 dicte
967 3413 1162 3483 tercie
1196 3413 1389 3503 partis
1422 3409 1814 3481 decimarum
1856 3410 2024 3481 bladi
2076 3436 2203 3482 nno
2262 3414 2477 3483 modio
2555 3414 2721 3484 bladi

475 3532 672 3601 annui
700 3528 988 3600 redditus
1027 3530 1104 3598 ad
1138 3551 1506 3598 mensuram
1537 3530 1615 3597 de
1651 3526 1981 3611 Fontanis,
2015 3551 2204 3618 quem
2255 3532 2334 3598 ab
2372 3529 2511 3620 ipso
2553 3530 2723 3600 Guil-

475 3646 668 3716 lelmo
704 3643 958 3713 Jodoini
986 3641 1196 3711 dictus
1228 3642 1606 3710 Guillelmus
1652 3646 1730 3710 de
1765 3644 1963 3711 Ponte
2028 3656 2294 3728 emerat,
2340 3656 2410 3713 ut
2473 3643 2726 3714 dicebat
2828 3692 2831 3695 >

476 3757 646 3828 idem
688 3755 1064 3826 Guillelmus
1099 3753 1397 3838 Jodoini3
1460 3768 1524 3825 et
1580 3755 1863 3845 predicte
1903 3770 2173 3845 quatuor
2231 3780 2489 3828 sorores
2554 3762 2723 3850 ejus-

477 3874 622 3942 dcm
699 3867 1013 3941 Guillelmi
1070 3867 1327 3940 Jodoini
1363 3883 1427 3940 et
1488 3867 1700 3939 dictus
1753 3868 2013 3939 Colinus
2071 3873 2150 3954 de
2224 3875 2473 3943 Melleto
2526 3887 2723 3943 totam

476 3985 663 4056 aliam
692 3982 952 4054 terciam
996 3997 1239 4074 partem
1272 3981 1439 4053 dicte
1479 3996 1702 4074 quarte
1746 3981 1941 4074 partis
1973 3982 2285 4054 dictarum
2331 3986 2724 4057 decimarum

479 4097 605 4170 vini
631 4110 694 4169 et
734 4097 994 4168 terciam
1021 4110 1263 4188 partem
1297 4095 1465 4167 dicte
1508 4096 1702 4167 tercie
1737 4094 1935 4187 partis
1973 4097 2367 4170 decimarum
2407 4102 2618 4185 bladi3
2662 4115 2725 4173 et

480 4209 745 4305 predicti
779 4234 1003 4284 omnes
1041 4209 1223 4282 liberi
1263 4209 1415 4281 dicti
1457 4212 1742 4282 defuncti
1780 4209 2088 4282 Johannis
2121 4215 2200 4283 de
2240 4214 2721 4300 Remorantino‚

479 4322 727 4410 militis,
803 4337 866 4395 et
910 4322 1119 4395 dictus
1177 4328 1403 4395 Petrus
1462 4325 1737 4414 Lebugle
1798 4337 1996 4394 totam
2061 4324 2386 4396 residuam
2459 4328 2722 4398 terciam

480 4452 726 4532 partem
758 4438 926 4510 dicte
965 4451 1186 4530 quarte
1217 4436 1413 4530 partis
1440 4440 1755 4509 dictarum
1810 4437 2200 4511 decimarum
2244 4439 2375 4511 vini
2426 4454 2488 4512 et
2525 4454 2725 4513 totam

480 4551 745 4625 terciam
784 4567 1028 4645 partem
1060 4554 1258 4623 totius
1290 4554 1459 4623 dicte
1499 4551 1696 4623 tercie
1735 4557 1938 4645 partis
1970 4556 2286 4626 dictarum
2330 4554 2725 4627 decimarum

482 4669 691 4755 bladi;
724 4682 789 4741 et
825 4669 1040 4740 dictus
1075 4665 1454 4740 Guillelmus
1493 4670 1572 4739 de
1628 4671 1829 4740 Ponte
1898 4669 2139 4742 dictum
2205 4668 2492 4744 modium
2558 4673 2726 4744 bladi

663 4812 809 4871 unu.
848 4823 990 4870 xxx.
2484 4813 2553 4875 27
