3485 5571
1337 713 1409 740 .-
1466 675 1587 739 193
1626 713 1705 723 --

1459 1102 1579 1164 CX!

1447 1404 1604 1467 1193

389 1683 694 1742 Demande
721 1682 793 1739 de
820 1681 1034 1755 pon-don
1064 1681 1134 1738 de
1161 1680 1353 1737 Pierre
1382 1680 1452 1737 de
1479 1680 1712 1753 Gracay‚
1746 1680 1985 1751 mauide,
2014 1695 2161 1751 pour
2187 1680 2270 1737 les
2294 1684 2436 1736 torts
2463 1678 2601 1752 qu'il
2622 1695 2658 1735 a

932 1794 1013 1850 pu
1040 1793 1241 1835 causer
1267 1793 1383 1862 aux,
1403 1782 1582 1834 terres
1614 1776 1686 1832 de
1716 1776 2120 1836 sainte-Croix.

386 1925 576 1998 (Ox-ig.
608 1925 779 1983 Arch.
811 1924 889 1981 du
912 1925 1123 1995 Loiret,
1154 1924 1223 1982 G.
1253 1956 1321 1966 —
1386 1923 1560 1995 Copie
1605 1923 1675 1978 de
1724 1925 1867 1980 Dom
1900 1924 2207 1980 Estiennot.
2239 1921 2363 1980 Bib.
2397 1922 2470 1980 de
2496 1923 2659 1980 l'Ar-

425 2024 615 2080 senal.
632 2021 776 2080 1008
799 2037 813 2076 :
837 2040 891 2095 p.
915 2021 1044 2079 605.
1061 2020 1496 2079 ‹Excartulario
1514 2021 1766 2077 ecclesiae
1791 2021 1849 2077 S.
1876 2020 2072 2077 Crucis
2091 2021 2513 2077 Aurelianensis
2527 2020 2600 2092 »).

404 2277 408 2281 *
479 2263 973 2338 Venerabilibus
1035 2264 1290 2339 domnis
1366 2278 1432 2338 et
1486 2263 1712 2336 amicis
1753 2262 2105 2336 carissimis
2181 2261 2484 2358 ll[ugoni]
2539 2266 2651 2336 de-

389 2402 558 2453 cano
620 2395 686 2453 et
734 2381 1037 2452 universo
1092 2378 1565 2451 Aurelianensis
1626 2379 1904 2450 ecclesie
1964 2377 2424 2454 canonicorum
2473 2378 2646 2471 capi-

390 2499 557 2580 tulo,
614 2499 839 2566 Petrus
874 2497 955 2567 de
986 2492 1306 2577 Crasseio,
1350 2495 1624 2565 salutem
1657 2491 1722 2564 in
1754 2516 1832 2566 eo
1871 2492 1981 2585 qui
2006 2507 2105 2565 est
2129 2493 2353 2566 salutis
2387 2497 2640 2566 author.

389 2608 677 2681 Veniens
703 2612 785 2680 ad
822 2631 927 2680 me
977 2607 1362 2680 venerabilis
1419 2605 1720 2679 dominus
1775 2630 1957 2680 meus
2014 2621 2079 2680 et
2122 2610 2644 2699 consanguineus

393 2719 774 2795 carissimus
813 2721 1150 2806 Henricus,
1182 2719 1656 2793 Aurelianensis
1694 2720 2068 2815 episcopus,
2105 2720 2168 2794 in
2209 2725 2375 2795 lecto
2404 2721 2646 2816 egritu-

393 2836 571 2909 dinis
607 2860 814 2909 meam
857 2835 1155 2928 dignatus
1194 2849 1295 2908 est
1325 2835 1697 2929 parvitatem
1720 2836 2001 2923 visitare,
2035 2837 2169 2922 ubi,
2202 2836 2410 2910 divina
2439 2837 2643 2930 inspi-

392 2967 580 3024 rente
616 2950 979 3035 clementia,
1031 2954 1327 3024 recolens
1389 2965 1453 3023 et
1482 2950 1546 3023 in
1600 2952 1978 3024 memoriam
2018 2975 2329 3025 revocans
2377 2951 2641 3044 injurias

395 3088 555 3157 quas
596 3089 715 3157 ego
755 3069 850 3138 vel
881 3065 1235 3139 servientes
1264 3064 1392 3138 mei
1424 3080 1591 3139 terre
1621 3081 1685 3139 et
1720 3066 2091 3138 bominibus
2146 3071 2378 3139 Sancte
2418 3066 2642 3139 Crucis

395 3179 740 3273 aliquoties
778 3180 1222 3272 irrogavimus,
1265 3195 1479 3254 vestre
1510 3181 1924 3253 sublimitatis
1955 3172 2228 3273 genibus
2270 3185 2642 3274 provolutus

397 3294 649 3366 veniam
689 3306 863 3386 peto,
901 3315 1135 3384 rogans
1159 3305 1225 3364 et
1250 3290 1623 3383 supplicans
1658 3305 1728 3362 ut
1753 3290 1809 3363 si
1846 3293 2000 3383 quid
2029 3292 2264 3384 injuste
2290 3291 2417 3383 egi,
2443 3292 2497 3363 si
2526 3315 2641 3364 vos

398 3407 460 3478 in
490 3412 713 3500 aliquo
752 3406 1013 3491 offendi,
1053 3404 1206 3477 mihi
1241 3419 1526 3499 prestare
1564 3408 2030 3498 indulgentiam
2091 3406 2466 3498 dignemini.
2510 3412 2643 3500 Ego

398 3539 612 3597 autem
645 3527 862 3616 jurare
901 3524 1025 3596 leci
1060 3527 1479 3615 Stephanum,
1516 3522 1717 3593 filium
1752 3544 1992 3607 meum,
2026 3535 2091 3594 et
2112 3545 2372 3594 uxorem
2402 3546 2640 3611 meam,

401 3653 463 3710 et
500 3663 623 3731 ego
655 3640 849 3710 etiam
880 3637 1085 3730 juravi
1126 3660 1320 3729 super
1359 3650 1579 3708 sancta
1603 3638 1927 3729 Evangelii
1956 3640 2144 3709 verba
2182 3640 2354 3728 quod
2379 3640 2460 3709 de
2508 3662 2645 3710 om—

401 3757 595 3826 nibus
636 3751 1160 3825 contentionibus
1198 3774 1324 3843 que
1363 3765 1516 3823 sunt
1555 3751 1720 3823 inter
1751 3751 2092 3824 ecclesiam
2133 3758 2367 3824 Sancte
2411 3753 2648 3826 Crucis

404 3882 465 3941 et
492 3892 613 3941 nos
650 3867 959 3960 quidquid
1015 3880 1409 3940 memoratus
1450 3867 1798 3959 episcopus
1827 3866 2054 3939 dixerit
2083 3892 2229 3960 ego,
2286 3871 2340 3940 si
2410 3869 2644 3950 vixero,

407 3984 458 4055 si
490 4008 647 4057 vero
666 4007 770 4056 me
801 3986 1113 4057 decedere
1144 3981 1486 4074 contigerit
1514 3985 1688 4055 filius
1711 4007 1898 4055 meus
1920 3997 1985 4055 et
2011 4007 2166 4056 uxor
2198 4007 2361 4071 mea,
2394 3988 2650 4076 quando

411 4122 519 4191 per
555 4102 771 4192 ipsum
812 4098 1116 4171 fuerimus
1155 4096 1474 4189 requisiti,
1539 4098 1904 4170 tenebimur
1961 4102 2327 4171 observare.
2366 4104 2461 4171 De
2497 4124 2653 4172 con-

409 4213 745 4288 suetudine
773 4226 986 4285 autem
1025 4213 1182 4297 vini,
1218 4236 1415 4305 quam
1447 4211 1512 4283 in
1543 4228 1712 4285 terra
1756 4217 1991 4286 Sancte
2034 4217 2257 4286 Crucis
2298 4238 2418 4286 nos
2459 4218 2652 4288 habe·

412 4352 577 4416 mus,
610 4344 676 4402 et
712 4329 821 4420 qui
867 4330 948 4400 de
985 4331 1176 4400 nobis
1217 4351 1356 4400 eam
1400 4327 1702 4413 tenuerit,
1770 4328 2161 4422 precipimus
2222 4353 2305 4403 ne
2366 4345 2655 4423 tempore

416 4442 878 4517 vindemiarum
907 4442 1269 4534 requiratur
1296 4444 1376 4514 ab
1408 4442 1780 4515 hominibus
1812 4466 1930 4515 nec
1995 4444 2117 4536 ipsi
2161 4444 2459 4517 homines
2492 4450 2659 4517 ultra

424 4557 896 4632 vendemiarum
954 4572 1244 4651 tempora
1282 4557 1501 4628 vinum
1554 4581 1882 4631 reservare
1931 4558 2339 4651 aliquatenus
2378 4564 2661 4653 compel-

422 4674 647 4748 lantur.
681 4680 907 4747 Actum
945 4697 1115 4745 anno
1150 4673 1466 4746 incarnati
1506 4672 1694 4747 Verbi
1715 4677 2028 4744 MCXClll.

583 4816 730 4876 m.
771 4829 904 4875 xxx.
2408 4816 2476 4873 13
