3485 5571
1405 600 1761 664 -133—

471 755 610 804 cum
666 731 967 803 omnibus
1027 729 1415 821 appenditiis
1473 728 1635 812 suia,
1700 728 2072 820 reliquerat,
2114 752 2228 820 pro
2267 729 2709 821 redemptione

467 845 672 917 anime
732 847 1020 936 ejusdem
1078 842 1371 914 avunculi
1407 841 1529 914 mei
1602 858 1664 914 et
1740 843 1961 913 matris
2001 865 2117 913 sue
2165 856 2229 913 et
2292 865 2458 926 mee,
2523 857 2588 915 et
2641 858 2710 914 ut

471 963 771 1032 domnum
814 960 1160 1030 Gerardum
1203 981 1540 1028 monacum
1574 956 1813 1027 faciant
1862 960 2179 1037 concede,
2208 970 2272 1027 et
2312 960 2710 1029 concedente

469 1077 700 1146 domno
737 1079 787 1145 R
812 1072 1102 1165 [ainerio]
1139 1071 1574 1144 Aurelianensi
1600 1073 1932 1165 episcopo,
1988 1077 2174 1164 cujus
2202 1073 2538 1164 largitione
2569 1097 2711 1166 pre-

471 1192 662 1259 fatum
691 1186 1075 1260 beneficium
1096 1191 1433 1272 habebam,
1453 1187 1814 1280 ceterisque
1836 1188 2206 1280 parentibus
2223 1203 2288 1258 et
2304 1188 2529 1259 amicis
2552 1191 2713 1260 meis

470 1303 1002 1385 concedentibuS,
1053 1300 1219 1372 sicut
1272 1300 1612 1392 petierant,
1654 1302 1966 1373 voluntati
1997 1324 2217 1374 eorum
2269 1304 2594 1388 concessi,
2635 1325 2713 1375 eo

406 1457 413 1460 ι
474 1431 654 1508 pacto
691 1430 782 1500 ut,
824 1437 1213 1506 unoquoque
1239 1437 1408 1486 anno
1449 1413 1513 1484 in
1555 1414 1895 1486 festivitate
1933 1427 2155 1486 sancte
2201 1414 2421 1487 Crucis
2461 1439 2583 1508 que
2614 1429 2715 1486 est

470 1529 533 1601 in
575 1530 769 1614 maio,
810 1529 1032 1621 prefati
1071 1527 1443 1600 monasterii
1474 1528 1771 1599 monachi
1809 1527 2114 1621 episcopo
2155 1532 2300 1622 (sic)
2335 1529 2637 1620 (ecclesie
2656 1529 2712 1621 ‘?)

473 1651 703 1717 Sancte
732 1644 955 1715 Crucis
986 1643 1211 1715 libram
1267 1666 1458 1713 unam
1513 1665 1658 1715 cere
1690 1666 1804 1735 pro
1844 1642 2284 1734 recognitione
2336 1647 2712 1732 exsolvant;

473 1762 640 1849 quod
693 1758 746 1830 si
788 1758 851 1828 in
894 1762 1134 1850 prefata
1187 1781 1331 1830 cera
1360 1760 1685 1829 reddenda
1728 1756 1887 1828 tardi
1921 1757 2263 1842 extiterint,
2299 1764 2711 1851 postmodum

472 1876 739 1944 reddant
788 1887 853 1945 et
883 1895 1016 1943 rem
1043 1895 1228 1942 suam
1283 1896 1410 1943 non
1444 1873 1738 1963 perdant.
1785 1875 1913 1943 Hec
1941 1894 2089 1943 vero
2128 1876 2367 1944 cartula
2400 1888 2469 1943 ut
2490 1873 2572 1946 sit
2614 1877 2715 1944 fir-

472 1987 633 2058 mior
660 2010 854 2058 manu
882 1985 1133 2078 propria
1162 1987 1648 2057 subterfirmavi.

557 2106 623 2172 S.
691 2099 965 2173 Rainerii
1040 2099 1515 2171 Aurelianensis
1590 2097 1904 2191 episcopi.
1988 2104 2054 2169 S.
2121 2099 2384 2192 Helgodi
2460 2103 2713 2173 decani.

469 2220 534 2286 S.
578 2215 869 2306 Hugonis
907 2214 1326 2305 precentoris.
1389 2218 1454 2284 S.
1495 2213 1867 2284 Renehonis
1907 2214 2283 2285 subdecani.
2330 2219 2398 2285 S.
2442 2215 2709 2286 Mauritii

473 2328 931 2400 archidiaconi.

557 2448 791 2514 Datum
826 2441 1181 2514 Aurelianis
1214 2443 1492 2535 publice,
1520 2466 1690 2514 anno
1720 2440 1991 2534 Philippi
2020 2442 2192 2534 regis
2230 2447 2356 2514 XX.

560 2563 628 2629 S.
666 2558 913 2629 Odonis
951 2556 1339 2629 cancellarii.

1490 2821 1695 2883 LXVll

1218 3043 1519 3116 Orleans‚
1551 3041 1792 3108 fevrier
1825 3045 1977 3108 1092

465 3276 625 3345 Jean,
648 3275 870 3345 eveque
899 3274 1212 3344 d’Orleans,
1245 3274 1539 3329 affranchit
1567 3274 1999 3331 Saint-Laurent
2027 3274 2095 3329 de
2125 3275 2180 3330 la
2211 3274 2553 3331 nomination
2587 3274 2721 3330 d’un

537 3372 742 3425 vicaire
773 3376 826 3426 et
855 3371 1124 3425 confirme
1164 3386 1266 3424 son
1296 3370 1591 3425 immunite
1622 3371 1748 3425 saus
1790 3371 1870 3425 les
1924 3371 2098 3426 droits
2141 3370 2210 3425 de
2259 3370 2637 3426 Sainte-Croix
2669 3376 2723 3425 et

538 3468 622 3522 les
647 3467 803 3522 siens
829 3484 862 3538 y
890 3467 1145 3539 stipuleS.

470 3614 615 3683 (Bib.
649 3616 772 3670 Nat.
808 3631 911 3668 ms.
941 3615 1037 3668 lat.
1070 3612 1276 3668 12739:
1329 3614 1376 3666 s⁰
1412 3613 1540 3669 433.
1584 3614 1754 3684 Copie
1785 3612 1854 3668 de
1886 3617 1951 3668 D.
1987 3614 2272 3669 Estiennot
2302 3630 2314 3669 :
2349 3631 2376 3667 ι
2404 3615 2495 3670 Ex
2521 3618 2717 3668 cartu-

832 3709 977 3764 lario
1009 3708 1070 3763 S.
1103 3707 1301 3765 Crucis
1328 3708 1776 3764 Aurelianensis
1805 3715 1858 3763 et
1891 3709 2291 3765 cluniacensis
2327 3711 2396 3778 ι).

470 3849 634 3916 (Pub.
668 3844 903 3905 Recueit
928 3848 1028 3905 des
1059 3847 1297 3905 Chartes
1332 3848 1401 3903 de
1442 3848 1696 3919 l’abbaye
1738 3847 1807 3903 de
1847 3849 2055 3921 Cluny,
2102 3849 2469 3919 (Documents
2498 3848 2719 3920 ine'dits)

1409 3951 1449 4000 t.
1484 3946 1549 4012 V,
1583 3962 1637 4016 p.
1665 3945 1781 4013 10.)

561 4159 692 4246 Ego
731 4159 1034 4241 JoanneS,
1091 4154 1206 4226 Dei
1248 4157 1443 4247 gratia
1497 4157 1979 4228 Aurelianorum
2034 4157 2294 4228 humilis
2343 4157 2720 4249 episcopuS,

476 4283 698 4338 notum
738 4266 874 4339 fieri
905 4269 1201 4338 volumus
1239 4268 1490 4340 cunctis
1532 4267 1827 4340 fidelibus
1854 4271 2025 4360 quod
2064 4273 2147 4340 oh
2184 4291 2466 4340 amorem
2501 4268 2618 4340 Dei
2657 4284 2722 4339 et

476 4386 786 4453 honorem
828 4384 1014 4451 beate
1057 4381 1171 4452 Dei
1206 4380 1537 4472 genitricis
1592 4383 1777 4453 Marie
1817 4396 1881 4453 et
1924 4382 2128 4454 sancti
2167 4382 2488 4455 Laurentii
2531 4384 2719 4454 levite

479 4510 539 4565 et
572 4493 891 4585 martyris,
963 4493 1255 4586 petitioni
1317 4498 1781 4566 monachorum
1839 4513 2063 4568 sancte
2103 4495 2288 4568 Marie
2328 4498 2407 4567 de
2447 4495 2724 4568 Karitate

480 4623 542 4679 et
580 4611 741 4680 celle
771 4607 977 4679 sancti
1014 4607 1330 4679 Laurentii
1371 4630 1496 4698 que
1523 4611 1814 4698 estjuxta
1845 4608 2252 4681 Aurelianum
2276 4608 2717 4693 consentienS‚
