3485 5571
1748 658 2105 723 -452-

810 809 845 857 a
880 788 1175 891 chacune·
1228 787 1492 860 d'iceles
1540 790 1776 859 choses
1832 786 1999 858 tenir
2055 801 2121 859 et
2183 786 2494 880 acomplir
2545 786 3054 880 enterignemant

803 923 925 973 nos
950 898 1243 993 obligous
1269 923 1389 973 nos
1429 916 1492 972 et
1521 924 1642 972 noz
1670 901 1803 973 oirs
1833 914 1896 972 et
1929 916 2075 974 touz
2103 924 2225 973 noz
2253 901 2435 975 biens
2462 924 2732 995 presenz
2757 916 2826 974 et
2851 926 2888 973 a
2915 926 3053 974 ave·

802 1013 925 1085 nir.
969 1018 1043 1086 Et
1082 1037 1161 1088 en
1194 1019 1656 1088 remenbrance
1688 1018 1769 1087 de
1808 1029 2021 1087 cestes
2047 1018 2245 1087 chose
2285 1040 2407 1088 nos
2445 1021 2691 1089 icestes
2721 1030 3053 1109 presentes

801 1130 995 1201 letres
1036 1132 1345 1202 donames
1384 1133 1632 1203 saelees
1692 1134 1772 1202 de
1823 1144 2047 1203 nostre
2099 1154 2332 1224 propre
2370 1134 2527 1203 seel.
2561 1135 2648 1204 Ce
2687 1134 2786 1202 fut
2826 1132 2946 1204 fait
2979 1153 3052 1202 an

801 1244 927 1314 l’an
959 1246 1040 1315 de
1065 1247 1292 1316 Nostre
1330 1244 1644 1336 Seignour
1680 1248 1793 1315 mil
1834 1260 1899 1318 et
1925 1248 2087 1318 deus
2116 1268 2275 1318 cenz
2313 1259 2609 1338 septente
2647 1261 2711 1317 et
2737 1259 2915 1337 sept,
2956 1248 3054 1317 lou

799 1355 1182 1431 diemenche
1218 1362 1450 1431 (levant
1489 1361 1546 1430 la
1586 1361 1755 1432 seint
1779 1363 1995 1451 lorge.

1716 1723 2130 1786 CCCXXXVII

1679 2018 1716 2081 s
1753 2018 1975 2098 Juillet
2015 2018 2169 2080 1277

801 2264 983 2335 vente
1011 2280 1083 2318 au
1116 2263 1369 2335 chapitre
1399 2279 1501 2335 par
1541 2263 1819 2333 Reguaud
1856 2262 1926 2317 de
1973 2264 2148 2319 Sours
2178 2262 2247 2317 de
2289 2264 2343 2318 la
2387 2262 2539 2317 dime
2567 2262 2639 2317 de
2667 2261 2993 2327 Villemain,
3026 2260 3055 2313 a

1333 2360 1736 2426 Chartonville,
1781 2376 1924 2432 pour
1952 2360 2058 2416 140
2087 2361 2254 2414 livres
2286 2358 2506 2430 parisis.

1230 2503 1407 2575 (Orig.
1453 2522 1500 2560 s.
1550 2504 1740 2591 parch.
1785 2505 1954 2560 Arch.
2006 2504 2082 2560 du
2110 2504 2320 2574 Loiret‚
2365 2504 2431 2559 G.
2474 2503 2626 2571 373.)

898 2721 1220 2794 Universis
1285 2734 1618 2814 presentes
1703 2720 1947 2793 litteras
2019 2720 2409 2813 inspecturis
2491 2719 2788 2794 officialis
2878 2721 3056 2792 curie

807 2837 1280 2908 Aurelianensis
1342 2840 1614 2909 salutem
1676 2838 1739 2906 in
1804 2839 2109 2908 Domino.
2170 2836 2482 2909 Noveritis
2529 2839 2700 2928 quod
2729 2838 2797 2907 in
2840 2851 3055 2908 nostra

806 2953 1146 3044 presencia
1183 2956 1579 3023 constitutus
1645 2953 2039 3042 Raginaldus
2095 2953 2176 3022 de
2227 2955 2486 3035 Sourzs,
2527 2949 2737 3034 miles,
2773 2947 3056 3024 vendidit

807 3087 1020 3136 coram
1082 3064 1267 3136 nobis
1320 3078 1385 3136 et
1454 3065 1715 3136 nomine
1780 3062 2180 3136 vendicionis
2238 3064 2710 3156 imperpetuum
2791 3063 3055 3156 quitavit

805 3178 1277 3250 venerabilibus
1317 3177 1468 3249 viris
1507 3181 1752 3250 decano
1781 3190 1844 3248 et
1867 3176 2615 3269 capituloAurelianensi
2655 3189 2855 3249 totam
2882 3176 3053 3251 deci-

809 3317 977 3365 mam
1008 3315 1194 3364 suam
1234 3296 1315 3364 de
1354 3293 1718 3376 Villemain,
1759 3295 2272 3383 qualencumque
2324 3305 2390 3363 et
2424 3292 2487 3361 in
2535 3292 3049 3384 quibuscumque

809 3411 1004 3479 rebus
1030 3406 1433 3492 existentem,
1467 3429 1657 3498 quam
1689 3429 1761 3477 se
1789 3409 2023 3477 habere
2064 3408 2321 3478 dicebat
2344 3409 2519 3477 idem
2550 3407 2736 3478 miles
2767 3406 2958 3478 sitam
2991 3408 3051 3476 in

812 3521 1139 3613 parrochia
1173 3524 1252 3593 de
1278 3521 1741 3605 Charconvilla,
1793 3520 2269 3592 Aurelianensis
2341 3518 2646 3603 diocesis,
2689 3537 3051 3593 moventem

813 3638 892 3707 de
923 3639 1111 3707 feudo
1140 3635 1381 3706 domini
1413 3634 1723 3707 Johannis
1759 3638 1839 3706 de
1880 3634 2259 3721 Aurelianis,
2301 3633 2555 3719 militis,
2588 3647 2653 3706 et
2690 3637 3051 3706 retroseudo

812 3751 1144 3822 reverendi
1188 3750 1383 3842 patris
1415 3748 1659 3821 domini
1699 3748 2176 3820 Aurelianensis
2209 3747 2530 3841 episcopi,
2565 3747 2782 3840 precio
2819 3747 3051 3841 septies

814 3862 1032 3955 viginti
1088 3863 1387 3935 librarum
1431 3860 1911 3955 parisiensium,
1969 3870 2049 3934 de
2105 3863 2341 3954 quibus
2398 3861 2611 3934 dictus
2671 3862 3052 3955 Baginaldus

815 3979 1003 4066 miles
1041 4000 1114 4050 se
1167 3977 1372 4049 tenuit
1434 4000 1649 4049 coram
1711 3975 1901 4048 nobis
1957 3977 2207 4068 integre
2247 3999 2360 4068 pro
2413 3989 2640 4068 pagato
2690 3974 2753 4046 in
2790 3977 3052 4068 pecunia

816 4106 1171 4175 numerata,
1209 4104 1274 4165 et
1314 4091 1731 4177 renunciavit,
1757 4103 1932 4163 etc...
1977 4090 2357 4182 promimus,
2383 4100 2560 4162 etc...
2596 4094 2800 4163 Immo
2830 4090 3055 4184 promi-

817 4207 927 4292 sit,
955 4217 1069 4279 etc.
1094 4205 1396 4278 Promisit
1417 4205 1619 4278 eciam
1639 4204 1851 4277 dictus
1877 4203 2265 4297 Baginaldus
2291 4204 2478 4277 miles
2500 4228 2613 4297 per
2658 4207 2850 4276 fidem
2878 4227 3050 4277 suam

814 4325 985 4412 quod
1014 4321 1067 4393 si
1099 4320 1327 4413 aliquis
1350 4344 1464 4393 seu
1488 4319 1684 4412 aliqui
1711 4319 1816 4392 alii
1834 4343 2025 4412 quam
2049 4318 2201 4416 dicti
2224 4323 2552 4391 lohannes
2573 4323 2653 4391 de
2677 4319 3047 4404 Aurelianis,

814 4438 1027 4519 miles,
1062 4450 1126 4507 et
1165 4439 1469 4506 dominus
1518 4433 1992 4507 Aurelianensis
2024 4433 2370 4526 episcopus
2428 4433 2700 4506 dixerint
2749 4457 2822 4506 se
2857 4432 3048 4506 domi-

814 4573 935 4620 nos
972 4552 1260 4621 feudales
1299 4553 1473 4622 dicte
1526 4549 1777 4621 decime
1811 4548 2066 4621 vendite
2103 4551 2200 4620 vel
2243 4547 2440 4640 partis
2481 4550 2801 4641 ejusdem,
2845 4562 2910 4620 et
2976 4548 3049 4617 de

811 4667 937 4734 hoc
997 4663 1247 4756 litigare
1308 4677 1372 4737 et
1427 4685 1569 4735 eam
1632 4662 1928 4737 evincere
1983 4663 2321 4748 voluerint,
2378 4685 2495 4735 seu
2533 4661 2737 4735 eciam
2791 4666 2848 4734 si
2892 4661 3046 4733 dicta
