3485 5571
1526 649 1883 715 -215—

571 780 1004 865 remittemus,
1045 792 1300 852 nostras
1357 792 1649 872 patentes
1683 782 2079 853 deferentem
2125 780 2371 854 litteras
2401 784 2573 873 quod
2604 782 2815 873 ipsum

574 896 1040 968 instituerimus
1077 896 1509 968 continentes.
1554 898 1741 982 Quod
1786 918 1867 967 ne
1914 895 2120 987 possit
2158 919 2468 988 processu
2507 896 2816 989 temporis

572 1010 895 1084 oblivione
919 1009 1117 1082 deleri
1156 1023 1266 1081 aut
1304 1009 1369 1080 in
1403 1010 1651 1080 irritum
1692 1008 1869 1091 duci,
1905 1023 2268 1101 presentem
2314 1010 2606 1101 paginam
2634 1011 2814 1102 sigil-

574 1129 779 1198 lorum
820 1138 1183 1196 nostrorum
1222 1124 1627 1216 appositione
1670 1126 2032 1215 partitoque
2091 1127 2490 1217 cyrographo
2538 1124 2811 1197 fecimus

570 1238 983 1313 communiri.
1043 1242 1268 1310 Actum
1315 1260 1485 1309 anno
1545 1236 1882 1310 Dominice
1943 1236 2402 1310 incarnationis
2462 1237 2806 1310 millesimo

571 1355 1024 1426 ducentesimo
1064 1354 1376 1425 secundo.

1553 1741 1847 1803 CXXXIII

1535 2067 1704 2128 Mars
1741 2063 1898 2128 1202

712 2344 835 2398 Don
867 2358 967 2414 par
996 2341 1242 2413 l’eveque
1268 2341 1497 2411 Hugues
1527 2340 1596 2395 de
1625 2339 1679 2395 Ia
1702 2339 1854 2395 dIme
1888 2339 1959 2396 de
1984 2340 2269 2414 Saint-Ay¹
2298 2358 2371 2398 au
2402 2342 2676 2415 chapitre.

619 2487 789 2557 (Bibl.
836 2489 965 2544 Nat.
1024 2488 1252 2544 Moreau
1303 2486 1449 2543 103:
1504 2486 1625 2542 106.
1675 2506 1700 2537 ‹
1746 2486 1874 2542 Tire
1906 2487 1983 2542 dn
2022 2488 2232 2544 Gartnl.
2272 2488 2342 2544 de
2389 2488 2768 2546 sainte—Croix

1312 2582 1628 2653 d’Orleans,
1669 2581 1717 2637 Ρ
1746 2582 1853 2638 199
1893 2588 1974 2638 ν’).
2009 2585 2061 2650 ›)

660 2828 866 2916 Hugo‚
906 2823 1020 2895 Dei
1061 2823 1259 2915 gratia
1301 2821 1779 2895 Aurelianensis
1804 2821 2177 2914 episcopm,
2219 2821 2521 2896 omnibus
2547 2827 2627 2895 ad
2653 2848 2819 2916 quos

569 2950 905 3028 presentes
968 2939 1182 3009 littere
1244 2933 1646 3027 pervenerint
1711 2938 1982 3030 salutem
2043 2935 2105 3006 in
2173 2935 2475 3008 Domino.
2521 2935 2826 3009 Noverint

571 3049 854 3123 universi
899 3064 1228 3142 presentes
1269 3050 1502 3142 pariter
1548 3064 1611 3121 et
1641 3052 1834 3121 tutnri
1874 3052 2047 3140 quod
2079 3049 2395 3121 decimam
2426 3050 2490 3120 in
2522 3051 2824 3142 parochia

570 3164 787 3236 Sancti
835 3164 994 3254 Agili
1029 3163 1468 3246 constitutam,
1503 3187 1691 3254 quam
1742 3163 1931 3234 nobis
1972 3164 2156 3234 titulo
2196 3163 2483 3254 pignoris
2521 3164 2825 3255 obligavit

566 3301 685 3371 pro
715 3277 1171 3369 quinquaginta
1212 3277 1387 3348 libris
1440 3276 1904 3369 parisiensibus
1930 3279 2074 3370 (sic)
2117 3281 2402 3349 Herveus
2459 3280 2540 3350 de
2606 3283 2820 3362 Porta,

644 3589 663 3624 ¹
697 3593 872 3647 Autre
912 3596 1037 3648 acte
1070 3589 1256 3646 relatis
1279 3590 1312 3645 a
1340 3591 1393 3645 la
1417 3591 1574 3645 dtme
1602 3588 1673 3645 de
1707 3589 1990 3661 &int-Ay.
2023 3621 2092 3630 —
2119 3609 2150 3643 ‹
2179 3588 2492 3660 Manasses,
2519 3591 2620 3646 Dei
2648 3593 2829 3662 gratia

562 3681 997 3739 Aurelianensis
1025 3681 1344 3753 episcopus,
1371 3678 1633 3735 omnibus
1661 3679 1732 3734 ad
1758 3694 1901 3750 quos
1931 3679 2112 3734 littere
2143 3683 2434 3750 presentes
2465 3682 2828 3751 pervenerint

567 3772 631 3826 in
660 3769 900 3826 Domino
940 3769 1200 3824 salutem.
1237 3768 1504 3824 Noverint
1546 3768 1788 3823 universi
1818 3773 2104 3839 presentes
2148 3767 2360 3839 pariter
2383 3773 2444 3824 et
2469 3767 2646 3825 futuri
2672 3771 2827 3842 quod

562 3860 871 3928 Johannes,
899 3858 1049 3914 filins
1079 3857 1348 3913 Bandrici
1392 3858 1459 3912 de
1492 3856 1873 3929 Campiniaco,
1901 3857 1959 3912 in
1990 3862 2184 3912 nostra
2222 3858 2559 3914 constitutus
2591 3876 2820 3930 presen-

567 3950 664 4020 tia,
695 3948 915 4020 pignori
962 3947 1226 4018 obligavit
1255 3963 1356 4019 pro
1390 3952 1604 4018 septem
1632 3946 1790 4002 libris
1822 3952 1879 4002 et
1905 3952 2148 4019 quatuor
2185 3946 2398 4003 solidos
2429 3948 2827 4018 parisiensium

565 4037 834 4107 magistro
886 4037 1212 4100 Hamerico,
1258 4037 1549 4108 capellano
1579 4040 1791 4099 nostro,
1838 4040 2012 4091 totam
2042 4035 2324 4092 decimam
2374 4052 2546 4108 quam
2585 4038 2826 4095 habebat

563 4125 717 4198 apud
750 4126 1021 4181 Sanctum
1050 4125 1301 4196 Agilum‚
1352 4141 1463 4197 que
1506 4129 1693 4179 movet
1739 4124 1809 4179 de
1839 4124 2003 4180 feodo
2049 4125 2358 4196 capellanie
2401 4130 2615 4191 nostre,
2669 4129 2823 4186 salvo

563 4213 801 4268 servicio
826 4229 931 4268 suo
961 4212 1113 4284 quod
1144 4212 1326 4268 dictus
1352 4212 1639 4267 Johannes
1669 4211 1855 4267 eidem
1882 4212 2098 4267 ratione
2125 4212 2273 4268 feodi
2307 4212 2560 4283 debebat,
2589 4214 2722 4285 quia
2752 4216 2823 4271 ad

563 4319 699 4359 eum
728 4302 949 4358 decima
996 4301 1295 4357 devenerat
1324 4306 1652 4357 memorata.
1698 4300 1861 4365 Quod
1909 4306 1971 4356 ut
1999 4307 2183 4357 ratum
2230 4307 2577 4373 permaneat,
2609 4320 2713 4360 nos
2751 4306 2821 4359 ad

563 4392 904 4465 peticionem
931 4391 1205 4447 dictorum
1233 4391 1483 4462 magistri
1513 4390 1794 4446 Hamerici
1818 4395 1873 4446 et
1904 4392 2182 4447 Iohannis
2213 4399 2532 4463 presentem
2562 4394 2820 4465 paginam

561 4483 801 4539 fecimus
830 4482 1086 4538 annotari
1112 4487 1167 4537 et
1192 4482 1359 4552 sigilli
1381 4481 1558 4537 nostri
1587 4480 1897 4536 munimine
1923 4481 2197 4539 roborari.
2229 4483 2432 4538 Actum
2461 4499 2608 4538 anno
2639 4484 2821 4540 incar-

562 4572 809 4630 nationis
837 4571 1129 4627 Dominice
1166 4570 1464 4627 millesimo
1495 4570 1878 4625 ducentesimo
1910 4576 2121 4628 octavo.
2159 4589 2186 4624 ι
2222 4603 2290 4631 -,-
2319 4571 2470 4644 Orig.
2518 4574 2688 4629 Arch.
2734 4576 2810 4631 dn

565 4663 775 4735 Loiret,
819 4661 887 4719 G.
920 4659 1047 4719 376.
