3485 5571
1788 592 1882 610 ,.,,
1909 557 2043 625 ‘100
2082 593 2160 607 .-

836 687 1286 780 spraesentibus
1326 701 1451 759 tam
1480 689 1736 776 futuris,
1770 691 1940 780 quod
1979 688 2243 761 veniens
2269 689 2332 759 in
2380 687 2769 781 presentiam
2811 707 3091 764 nostram
3174 774 3186 784 ⁵

858 801 1215 876 Aurelianis
1255 802 1645 886 Raeinaldus‚
1688 802 1856 874 filius
1920 807 2229 895 Stephani
2285 802 2740 892 Cratiacensis,
2796 828 2872 877 ex
2923 825 3094 898 parte

858 942 972 990 sua
1034 926 1102 989 et
1165 916 1363 1010 patris
1427 915 1774 1008 matrisque
1832 940 1971 1004 sue,
2051 917 2313 988 instanti
2395 940 2584 1009 prece
2645 918 3090 992 celsitudinem

855 1017 1137 1104 nostram
1168 1031 1433 1124 expetiit
1466 1048 1554 1103 ut
1594 1032 2030 1115 concordiam,
2078 1056 2269 1123 quam
2323 1056 2470 1104 cum
2528 1033 2805 1105 ecclesia
2863 1038 3092 1106 Sancte

854 1146 1077 1219 Crucis
1117 1146 1590 1218 Aurelianensis
1629 1169 1824 1238 super
1882 1148 1990 1216 diu
2026 1145 2266 1218 habitis
2303 1148 2644 1218 adversum
2693 1171 2764 1219 se
2815 1148 3092 1239 querelis

850 1262 1261 1334 convenienti
1300 1260 1677 1333 diffinitione
1716 1264 2144 1344 firmaverant,
2188 1284 2333 1353 erga
2388 1260 2730 1333 ecclesiam
2788 1277 2852 1333 et
2907 1286 3094 1335 cano-

852 1378 1037 1446 nicos
1092 1375 1156 1445 in
1199 1398 1393 1446 manu
1453 1397 1854 1466 caperemus,
1897 1377 2167 1466 ejusque
2222 1377 2568 1448 concordie
2609 1390 2903 1448 tenorem
2957 1375 3090 1448 evi-

850 1488 1025 1560 denti
1081 1504 1304 1561 nostre
1364 1489 1741 1562 munitionis
1800 1491 1867 1560 in
1924 1489 2236 1581 scriptum
2287 1488 2773 1581 designaremus
2832 1489 3082 1562 inditio.

849 1607 1045 1700 Cujus
1082 1627 1203 1677 nos
1225 1607 1527 1697 precibus
1566 1604 2042 1677 racionabiliter
2070 1617 2455 1691 annuentes,
2499 1607 2737 1676 bonum
2782 1604 3074 1677 duximus

847 1733 911 1791 et
940 1722 1233 1810 querelas
1272 1742 1469 1812 super
1497 1718 1730 1811 quibus
1759 1735 2192 1792 convenerant
2231 1720 2602 1790 summatim
2641 1718 2986 1811 attingere,
3033 1734 3095 1791 et

846 1831 936 1904 ita
992 1833 1467 1927 competentius
1513 1836 1672 1906 inite
1727 1838 1990 1907 modum
2055 1835 2404 1906 concordie
2461 1833 2696 1926 pariter
2751 1834 3089 1927 explicare.

847 1947 1228 2039 Requirebat
1259 1951 1555 2041 praefatus
1595 1951 1957 2040 Stephanus
1988 1947 2414 2020 Cratiacensis
2474 1947 2536 2018 in
2579 1962 2814 2019 terram
2856 1953 3090 2021 Sancte

846 2066 1071 2135 Crucis
1101 2065 1583 2135 Aurelianensis
1609 2066 1688 2133 de
1728 2066 2083 2146 Mazaio,—
2113 2076 2177 2135 et
2211 2062 2295 2133 ita
2328 2062 2590 2154 quidem
2610 2062 2743 2134 sive
2761 2066 2937 2155 juste
2960 2064 3092 2136 sive

843 2176 1078 2269 injuste
1106 2182 1366 2270 longum
1407 2182 1741 2261 habuerat,
1766 2218 1846 2234 —
1872 2176 2223 2269 equitatum
2266 2175 2835 2269 quocienscunque
2876 2181 3094 2265 vellet,

844 2290 1412 2384 quocienscunque
1469 2294 1913 2365 submoneret.
2011 2290 2401 2383 Requirebat
2496 2296 2692 2363 etiam
2793 2289 3093 2364 homines

846 2413 1076 2479 Sancte
1110 2409 1357 2495 Crucis,
1403 2430 1479 2478 ex
1512 2431 1640 2499 quo
1667 2409 2067 2500 parrochiam
2107 2421 2173 2479 et
2223 2404 2578 2478 banleviam
2632 2406 3092 2480 Maziacensem

844 2523 1111 2607 exirent,
1174 2521 1238 2593 in
1280 2546 1458 2610 suos,
1529 2525 1856 2594 affirmans
1925 2523 2095 2614 quod
2136 2520 2240 2593 sui
2276 2524 2442 2613 juris
2499 2535 2744 2608 essent,
2799 2546 3096 2613 quocun-

844 2661 967 2731 que
1008 2662 1042 2708 a
1083 2636 1413 2729 parrochia
1459 2636 1562 2708 illa
1602 2652 1667 2709 et
1706 2635 1995 2708 banlevia
2035 2636 2404 2728 migrarent.
2451 2635 2835 2726 Requirebat
2873 2653 3093 2728 prete-

844 2776 949 2825 rea
982 2756 1268 2838 Bufetos,
1300 2767 1365 2825 et
1394 2775 1651 2825 omnem
1680 2775 1904 2824 eorum
1946 2752 2345 2845 progeniem,
2386 2766 2451 2823 et
2490 2750 2865 2823 Raimbaudi
2935 2756 3096 2824 Pas·

842 2871 1015 2940 tonis
1075 2867 1140 2939 in
1186 2886 1351 2939 terra
1405 2874 1638 2939 Sancte
1693 2865 2404 2939 Crucishereditatem.
2464 2870 2757 2938 Ceterum
2823 2870 3091 2939 tandem

842 2982 1149 3055 decidens
1189 2982 1251 3053 in
1292 2985 1557 3067 lectum,
1589 2981 1819 3054 animae
1865 3006 2000 3053 suae
2043 2981 2373 3073 providere
2414 2980 2786 3067 consuluit;
2853 2996 2943 3067 et,
2987 3006 3094 3055 re-

840 3120 1244 3188 cognoscens
1267 3096 1562 3189 injuriam
1585 3121 1791 3177 suam,
1830 3119 2235 3188 quaecunque
2268 3095 2329 3165 in
2355 3094 2740 3187 supradictis
2779 3097 3091 3169 omnibus

840 3212 973 3283 sive
1005 3214 1180 3303 juste
1219 3211 1352 3282 sive
1388 3213 1625 3302 injuste
1666 3215 1999 3296 habuerat,
2033 3212 2330 3283 videlicet
2354 3213 2708 3303 equitatum
2751 3213 2830 3282 de
2858 3213 3084 3281 omni-

836 3329 960 3397 bus
991 3325 1360 3397 hominibus
1389 3325 1453 3396 in
1485 3340 1649 3398 terra
1714 3330 1947 3397 Sancte
1998 3324 2221 3397 Crucis
2261 3326 2698 3411 manentibuS,
2741 3326 3094 3416 cujuscun-

836 3464 961 3532 que
1022 3441 1151 3512 sint
1222 3441 1607 3526 homines‚a
1649 3442 1984 3533 parrochia
2042 3438 2409 3515 Maziacensi
2456 3455 2520 3511 et
2575 3438 2863 3510 banlevia
2949 3439 3090 3513 sive

837 3555 1192 3628 Cratiacum
1224 3555 1357 3628 sive
1388 3558 1669 3648 quolibet
1696 3555 1849 3626 alibi
1889 3558 2352 3646 demigranteS‚
2398 3557 2658 3625 Busetos
2717 3569 2783 3625 et
2823 3577 3086 3628 omnem

836 3694 1057 3743 eorum
1119 3673 1520 3763 progeniem,
1571 3693 1830 3742 omnem
1889 3669 2166 3761 denique
2205 3667 2944 3741 Raimbaudi·Pastonis
3016 3672 3086 3740 in

834 3802 1001 3860 terra
1081 3792 1312 3861 Sancte
1375 3786 1596 3859 Crucis
1668 3785 2114 3872 hereditatem,
2189 3790 2432 3878 prefate
2494 3787 2768 3859 ecclesie
2827 3785 2970 3878 ipse
3021 3799 3087 3857 et

835 3927 990 3976 uxor
1028 3906 1168 3995 ejus
1208 3903 1498 3974 Ascelina
1550 3917 1613 3974 et
1654 3901 1822 3971 filius
1862 3900 2145 3993 ipsorum
2187 3899 2532 3972 Reinaldus
2590 3903 2864 3992 penitus,
2895 3899 3084 3971 dimi-

835 4033 1080 4105 serunt,
1137 4032 1200 4088 et
1250 4016 1441 4089 nichil
1486 4031 1864 4108 perpetuum
1919 4019 1997 4086 de
2038 4014 2404 4106 hujusmodi
2461 4038 2607 4087 sese
2647 4015 3080 4106 requisituros

833 4132 1231 4227 propriarum
1306 4155 1609 4203 manuum
1683 4134 2048 4223 juramento
2115 4134 2469 4201 firmarunt.
2544 4128 2848 4201 Canonici
2931 4152 3083 4201 vero

833 4255 1068 4321 Sancte
1107 4248 1355 4331 CruciS,
1410 4270 1524 4337 pro
1589 4246 1692 4316 tali
1752 4244 1981 4336 injurie
2030 4269 2146 4317 sue
2185 4245 2662 4327 reformatione,
2715 4247 2793 4315 de
2848 4243 3083 4335 captali

832 4388 950 4436 suo
996 4377 1276 4455 ‘quatuor
1332 4367 1435 4432 XX
1493 4361 1685 4431 libras
1739 4375 1803 4432 et
1858 4363 2019 4431 Vllll
2075 4359 2200 4430 illis
2240 4363 2793 4443 condonaverunt,
2856 4373 2919 4429 et
2978 4361 3078 4428 XL

830 4478 1341 4569 libras·insuper
1377 4489 1442 4547 et
1494 4470 1658 4547 duos
1698 4478 1943 4567 cyphos
1982 4462 2329 4566 argenteos
2350 4477 2430 4545 de
2493 4472 2748 4566 proprio
2788 4476 3083 4545 contule-

830 4608 1000 4667 runt.
1072 4595 1255 4682 Quod
1324 4607 1390 4662 ut
1448 4606 1652 4663 ratum
1714 4590 2304 4683 inconcussumque
2364 4605 2758 4683 permaneat,
2826 4591 3077 4683 scripto
