3485 5571
1797 679 1868 693 .-
1913 644 2031 707 306
2076 682 2144 690 -

846 758 968 843 erit
1016 786 1077 843 et
1120 794 1262 843 eam
1310 770 1588 863 capitulo
1635 774 1905 842 reddere
1958 770 2302 858 tenebitur,
2346 778 2418 842 ut
2473 771 2714 843 dictum
2753 786 2876 855 est,
2923 771 3058 843 infra

842 909 1165 969 mensem,
1230 888 1401 957 salva
1458 883 1649 957 etiam
1726 884 1938 956 eidem
2001 884 2310 977 episcopo
2382 899 2448 957 et
2506 885 2932 957 servientibus
2980 888 3058 957 vel

842 999 1093 1072 ballivis
1132 1002 1268 1071 suis
1312 998 1722 1071 estimatione
1761 1013 1827 1070 et
1880 1022 2041 1091 pena
2082 998 2336 1090 injurie,
2383 998 2436 1071 si
2476 1024 2601 1091 qua
2649 1023 2766 1091 per
2795 1001 3061 1070 homines

841 1111 986 1186 illos
1024 1112 1119 1185 eis
1151 1116 1343 1184 fuerit
1385 1114 1682 1205 irrogata.
1736 1112 1800 1183 Si
1856 1115 1965 1205 qui
2012 1128 2227 1185 autem
2257 1115 2338 1185 de
2377 1113 2684 1206 predictis
2726 1112 3063 1185 hominibus

839 1228 1312 1317 querimoniam
1371 1225 1791 1318 deposuerint
1841 1229 1940 1299 vel
1994 1228 2061 1297 in
2128 1249 2389 1299 causam
2453 1226 2760 1299 traxerint
2815 1228 3063 1318 aliquem

840 1363 1053 1412 coram
1109 1340 1416 1432 episcopo
1496 1344 1593 1414 vel
1668 1339 1927 1413 officiali
2004 1362 2149 1425 suo,
2218 1365 2348 1413 non
2421 1343 2566 1433 plus
2623 1339 3065 1432 jurisdictionis

840 1456 1098 1527 habebit
1148 1458 1215 1526 in
1255 1455 1401 1527 illos
1450 1471 1760 1548 quantum
1813 1459 1891 1527 ad
1931 1460 2056 1527 hoc
2096 1479 2287 1547 quam
2327 1455 2393 1527 in
2431 1455 2594 1527 alios
2625 1453 3066 1547 jurisdictionis

837 1572 1069 1641 aliene.
1122 1573 1415 1641 Preterea
1468 1593 1664 1661 super
1702 1583 2110 1641 tensamento
2160 1593 2280 1645 auo
2320 1590 2450 1641 non
2490 1569 2729 1660 poterit
2747 1568 3068 1661 episcopus

832 1685 930 1754 vel
971 1685 1112 1774 ejus
1153 1683 1451 1755 officialis
1487 1683 1780 1776 hospites
1818 1682 2084 1776 capituli
2126 1706 2344 1755 coram
2409 1706 2481 1754 se
2537 1682 2736 1755 citare
2788 1684 2879 1754 vel
2932 1680 3069 1752 alias

838 1821 949 1890 per
982 1796 1499 1889 jurisdictionem
1538 1796 2045 1871 ecclesiasticam
2096 1798 2275 1890 ipsos
2326 1801 2695 1881 cohercere,
2754 1800 2865 1869 sed
2917 1798 3070 1887 capi-

836 1916 1039 1983 tulum
1083 1915 1177 1984 vel
1215 1912 1423 1984 ballivi
1458 1912 1582 1996 sui,
1617 1916 1790 1985 sicut
1828 1913 2089 1985 solitum
2128 1926 2253 1998 est,
2284 1914 2441 1986 illud
2465 1914 2703 1984 facient
2731 1910 2848 1983 sibi
2882 1907 3068 1981 reddi.

838 2026 901 2096 Si
941 2029 1052 2117 qui
1091 2050 1238 2099 vero
1277 2026 1636 2099 medietarii
1680 2028 1814 2099 sive
1854 2049 2238 2099 communes
2300 2026 2431 2097 sint
2482 2024 2878 2118 parrochiani
2926 2022 3073 2093 inter

836 2140 1112 2231 aliquam
1153 2141 1583 2232 predictarum
1611 2140 2096 2234 parrochiarum
2135 2153 2200 2212 et
2233 2163 2710 2232 quamcumque
2748 2139 2956 2222 aliam,
3001 2137 3070 2205 ab

836 2254 963 2326 illis
1002 2254 1066 2324 in
1105 2253 1199 2326 eis
1242 2258 1493 2347 plenam
1533 2254 2052 2346 jurisdictionem
2092 2253 2441 2348 episcopus
2480 2257 2767 2326 habebit.
2811 2252 3070 2325 Condic-

840 2383 973 2438 tum
1013 2368 1205 2440 etiam
1246 2369 1363 2439 suit
1400 2384 1464 2441 et
1496 2392 1885 2441 concessum
1945 2368 2112 2441 inter
2166 2392 2285 2441 nos
2338 2382 2402 2441 et
2454 2368 2698 2441 dictum
2738 2367 3066 2460 capitulum

838 2485 1009 2574 quod
1053 2506 1165 2574 per
1210 2505 1284 2554 ea
1325 2504 1449 2574 que
1489 2484 1788 2576 superius
1832 2505 2134 2576 expressa
2184 2496 2335 2554 sunt
2366 2486 2445 2555 de
2468 2482 2911 2574 jurisdictione
2940 2501 3070 2572 per-

840 2595 1086 2666 tinente
1138 2598 1216 2666 ad
1273 2594 1679 2688 episcopum,
1724 2596 1790 2667 in
1831 2598 2010 2669 nullo
2049 2599 2156 2668 fiat
2199 2595 2625 2689 prejudicium
2655 2590 3071 2686 jurisdictioni

840 2709 1126 2802 capituli,
1181 2713 1295 2781 sed
1357 2710 1419 2780 in
1483 2710 1789 2784 omnibus
1861 2713 2214 2805 prenotatis
2276 2709 2739 2783 nichilominus
2794 2705 3071 2802 jurisdic-

842 2824 1082 2896 tionem
1119 2825 1623 2898 ecclesiasticam
1666 2824 2018 2918 capitulum
2057 2827 2343 2898 habebit.
2395 2829 2465 2897 In
2519 2829 2713 2917 hujus
2750 2838 2956 2897 autem
2991 2817 3073 2891 rei

842 2941 1057 3017 fldem,
1135 2943 1334 3012 robur
1407 2955 1472 3014 et
1552 2942 1994 3013 testimonium
2074 2954 2439 3032 presentem
2494 2942 2796 3034 paginam
2866 2934 3075 3009 litteris

842 3068 1211 3125 annotatam
1270 3055 1467 3146 sigilli
1532 3055 1732 3126 nostri
1776 3055 2049 3127 lecimus
2097 3054 2452 3127 munimine
2502 3053 2817 3127 roborari.
2870 3060 3072 3125 Actum

845 3190 1015 3239 anno
1064 3167 1318 3239 Domini
1380 3167 1733 3240 millesimo
1789 3170 2236 3241 ducentesimo
2282 3167 2590 3240 vicesimo
2625 3181 2831 3254 sexto,
2874 3182 3077 3237 mense

846 3305 1039 3354 maio.

1876 3521 2072 3583 CCXV

1800 3761 1831 3820 J
1839 3759 1951 3819 uin
1995 3756 2152 3820 1227

856 3966 1049 4037 Henri,
1092 3969 1354 4039 seigneur
1392 3965 1462 4023 de
1491 3967 1647 4038 Sully
1677 3972 1733 4022 et
1757 3964 1827 4022 da
1854 3967 2112 4035 Vierzon,
2144 3972 2200 4022 et
2228 3957 2374 4023 deux
2414 3964 2724 4022 chevaliers
2765 3962 3076 4036 promouent

929 4082 1040 4138 que
1071 4066 1282 4133 pierre,
1340 4065 1603 4135 seigneur
1658 4064 1729 4119 de
1781 4063 2012 4135 Gracay,
2070 4063 2211 4118 dans
2253 4064 2305 4121 le
2354 4062 2498 4120 mois
2539 4062 2609 4118 de
2650 4077 2714 4117 sa
2767 4057 3076 4120 chevalerie,

926 4167 1194 4218 remettra
1222 4179 1294 4216 au
1320 4161 1571 4233 chapitre
1602 4160 1699 4216 des
1726 4161 1920 4216 lettres
1945 4159 2267 4216 conformes
2290 4175 2397 4216 aux
2426 4162 2848 4228 arrangements
2877 4154 2989 4228 pris
3021 4164 3078 4206 en

928 4276 1031 4314 son
1059 4274 1193 4314 nom
1220 4275 1291 4314 au
1318 4258 1467 4329 sujet
1494 4257 1570 4312 du
1598 4257 1721 4312 bois
1752 4257 1822 4311 de
1853 4255 2177 4312 Bellefoule.

853 4407 1014 4479 (Cop.
1044 4405 1165 4462 Bib.
1197 4407 1322 4462 Nat.
1355 4406 1585 4463 Moreau
1617 4403 1753 4459 138:
1785 4403 1911 4460 201.
1946 4425 1970 4454 ‹
1997 4402 2122 4458 Pris
2149 4418 2250 4458 sur
2278 4402 2332 4458 le
2364 4401 2574 4458 Cartul.
2607 4398 2677 4456 de
2699 4395 3076 4456 Sainte-Croin

1790 4501 1839 4556 f⁰
1863 4498 1971 4555 248
1998 4510 2050 4553 r·
2074 4501 2152 4569 ι.)

935 4675 1067 4763 Ego
1117 4670 1513 4766 H[enricus]‚
1565 4666 1865 4741 dominus
1914 4664 2145 4740 Soliaci
2185 4678 2249 4737 et
2297 4661 2639 4748 virsioniS‚
2681 4674 2904 4736 notum
2929 4656 3076 4730 facio
