3485 5571
1372 609 1729 673 —527-

1369 964 1502 1027 CCC
1512 965 1722 1026 LXXX

1291 1291 1580 1369 largeau
1623 1288 1784 1352 1176

414 1541 695 1612 L'eveque
722 1539 998 1610 Manasse,
1029 1541 1064 1596 ὲ
1092 1540 1147 1596 la
1175 1541 1365 1611 priere
1386 1540 1456 1597 de
1477 1540 1710 1612 Robert,
1731 1541 1909 1596 maire
1940 1539 2406 1596 demissionnaire
2433 1540 2507 1595 de
2531 1540 2671 1610 Bou,

490 1638 723 1694 accorde
744 1644 885 1693 cette
910 1638 1106 1693 mairie
1135 1638 1165 1693 a
1197 1637 1492 1710 Raymond
1517 1638 1586 1693 de
1618 1640 1758 1709 Bou,
1791 1654 1923 1693 avec
1968 1639 2023 1693 la
2053 1637 2204 1693 main
2235 1637 2668 1709 d'Erembourg,

491 1736 608 1791 fille
640 1734 709 1790 de
736 1734 969 1791 Robert.

954 1881 1134 1954 (Orig.
1165 1900 1212 1938 s.
1243 1881 1437 1955 pal-ch.
1470 1882 1641 1938 Arch.
1674 1881 1753 1938 du
1783 1881 1994 1954 Lon-et,
2034 1876 2149 1951 G).

513 2104 583 2170 ln
622 2102 886 2173 nomine
912 2102 1123 2170 Patris
1163 2112 1226 2170 et
1276 2099 1415 2170 Filii
1472 2114 1536 2171 et
1573 2098 1849 2191 Spiritus
1907 2098 2148 2170 Sancti.
2179 2102 2414 2170 Amen.
2459 2097 2669 2169 Nichil

415 2237 587 2306 eque
624 2217 834 2286 aufert
868 2213 1209 2286 oblivionis
1241 2213 1721 2285 incommodum
1765 2215 1951 2285 sicuti
1983 2212 2154 2285 vivax
2207 2211 2513 2285 memoria
2554 2212 2671 2283 lit-

419 2344 728 2402 terarum.
775 2332 952 2401 Circa
992 2333 1165 2421 quod
1205 2353 1327 2420 ego
1379 2334 1723 2409 Manasses,
1781 2332 1898 2401 Dei
1939 2329 2148 2423 gracia
2190 2332 2675 2402 Aurelianensis

418 2438 793 2540 episcopus,
827 2462 953 2518 tam
984 2461 1384 2538 posterorum
1413 2469 1602 2538 quam
1667 2448 2057 2518 instancium
2092 2446 2327 2519 noticie
2359 2447 2677 2538 presentis

417 2562 644 2653 scripti
720 2562 1094 2633 testimonio
1149 2560 1712 2631 transmittendum
1766 2560 2063 2631 duximus
2121 2562 2268 2651 quia
2331 2564 2670 2643 RobertuS‚

418 2678 746 2767 quondam
789 2678 989 2767 maior
1028 2678 1107 2746 de
1148 2677 1355 2757 Rullo,
1400 2677 1552 2744 dum
1595 2691 1771 2745 esset
1809 2678 2033 2766 major,
2073 2698 2186 2765 per
2233 2678 2466 2745 multas
2506 2674 2677 2746 vices

418 2796 492 2862 in
551 2791 880 2882 presencia
921 2804 1138 2861 nostra
1177 2788 1566 2862 constitutus
1606 2789 1795 2860 nobis
1843 2789 2321 2860 lacrimabiliter
2373 2788 2486 2859 luit
2525 2813 2676 2861 con-

420 2919 691 2997 questus
721 2903 868 2995 quia
897 2919 1031 2974 tum
1066 2918 1323 2995 propter
1361 2927 1505 2975 cara
1544 2919 1858 2994 tempora,
1901 2918 2035 2974 tum
2079 2927 2190 2995 pro
2227 2927 2455 2994 magna
2485 2926 2675 2994 quam

420 3019 598 3091 domi
640 3022 912 3089 babebat
963 3017 1223 3100 familia,
1291 3019 1559 3089 maxima
1591 3041 1941 3109 oppressus
1979 3033 2156 3090 esset
2202 3017 2438 3101 inedia,
2481 3021 2671 3102 adeo,

421 3136 712 3224 inquam,
767 3135 938 3222 quod
1006 3155 1134 3202 non
1195 3135 1460 3203 baberet
1536 3135 1707 3203 unde
1761 3131 2036 3223 aliquam
2104 3131 2376 3204 filiarum
2418 3155 2675 3203 suarum

422 3270 588 3339 quos
646 3250 918 3317 habebat
957 3244 1149 3317 etiam
1205 3244 1469 3337 pauperi
1529 3261 1592 3317 et
1649 3245 1925 3337 ignobili
1966 3250 2100 3318 viro
2141 3246 2488 3318 maritaret.
2550 3251 2678 3317 Nos

423 3384 603 3445 vero,
646 3359 799 3432 moti
841 3362 1096 3431 tandem
1139 3358 1577 3431 misericordia
1627 3382 1823 3452 super
1875 3360 2009 3443 illo,
2074 3361 2344 3432 refutata
2381 3364 2460 3432 ab
2490 3383 2568 3432 eo
2611 3359 2677 3431 in

425 3498 620 3546 manu
663 3488 879 3547 nostra
918 3474 1179 3566 maj0ria
1212 3498 1327 3545 sua
1369 3478 1447 3545 de
1478 3477 1683 3562 Bullo,
1713 3477 1891 3546 nullo
1918 3489 2214 3566 cogente,
2267 3478 2378 3547 sed
2420 3498 2494 3546 ex
2536 3498 2680 3566 pro·

426 3591 562 3681 pria
606 3603 668 3660 et
710 3603 1061 3680 spontanea
1102 3591 1422 3660 voluntate
1462 3613 1601 3674 sua,
1656 3611 1803 3659 cum
1835 3592 2127 3660 eamdem
2170 3587 2501 3680 majoriam
2541 3591 2680 3658 nul-

426 3706 529 3773 lus
561 3706 794 3774 babere
836 3717 1054 3795 posset
1080 3705 1174 3773 vel
1218 3705 1505 3790 deberet,
1551 3701 1676 3773 nisi
1718 3706 1952 3774 Sancte
1998 3703 2221 3774 Crucis
2251 3701 2540 3774 serviens
2577 3725 2679 3774 es-

426 3830 550 3903 set,
597 3819 936 3909 quamdam
967 3818 1260 3908 ejusdem
1313 3819 1574 3888 Roberti
1627 3818 1851 3901 filiam,
1895 3815 2338 3908 Aremburgim
2380 3815 2674 3901 nomine,

432 3935 665 4003 Sancte
688 3933 909 4002 Crucis
947 3933 1273 4016 ancillam,
1315 3952 1461 4001 cum
1491 3928 1753 4022 majoria
1797 3933 1877 4002 de
1923 3934 2126 4016 Bullo,
2171 3930 2337 4003 sicut
2394 3934 2679 4022 prelatus

433 4049 748 4117 Robertus
785 4067 927 4116 eam
976 4057 1289 4127 tenuerat,
1337 4043 1638 4116 Rainaldo
1697 4047 1777 4115 de
1831 4048 2036 4131 Bullo,
2080 4045 2388 4116 servienti
2447 4049 2678 4116 Sancte

432 4162 655 4231 Crucis
701 4173 766 4231 et
804 4174 1020 4230 nostro
1050 4174 1115 4230 et
1148 4157 1495 4230 heredibus
1547 4157 1683 4229 suis
1723 4159 1805 4229 ad
1848 4158 2353 4231 misericordiam
2394 4172 2677 4229 nostram

431 4273 680 4365 integre
702 4274 1116 4364 possidenda,
1143 4271 1209 4343 in
1242 4296 1502 4344 uxorem
1534 4271 1832 4344 dedimus
1864 4287 1929 4344 et
1954 4277 2250 4344 eumdem
2298 4271 2677 4344 Rainaldum

431 4390 512 4460 de
553 4390 778 4459 eadem
805 4387 1065 4478 majoria
1091 4411 1156 4456 1n
1194 4387 1517 4458 bominem
1550 4400 1839 4459 nostrum
1877 4386 2094 4478 ligium
2123 4385 2514 4478 accepimus,
2546 4390 2677 4459 Hoc

426 4500 625 4573 voluit
676 4516 739 4573 et
778 4499 1151 4594 approbavit
1201 4501 1641 4591 Aremburgis,
1680 4523 1837 4571 uxor
1872 4499 2140 4590 predicti
2182 4501 2475 4584 Roberti,
2529 4522 2676 4570 cum

432 4614 685 4688 filiabus
737 4617 877 4687 suis
904 4613 1096 4700 aaliz,
1135 4638 1327 4688 uxore
1366 4614 1718 4693 Brumatin,
1765 4628 1827 4685 et
1861 4613 2147 4686 Amelina
2187 4626 2250 4685 et
2277 4612 2584 4698 Odelina,
2614 4625 2681 4685 et
