3485 5571
1825 686 1903 697 ....
1948 650 2065 714 443
2111 685 2187 697 .-

873 781 1223 851 cantabunt
1273 777 1759 869 responsorium
1814 780 1977 849 duos
2040 780 2317 860 solidos,
2381 778 2631 849 scilicet
2688 780 2963 849 cuilibet
3015 801 3105 850 sex

874 890 1199 973 denarios,
1235 906 1301 963 et
1345 895 1712 962 succentori
1767 891 2104 963 duodecim
2147 894 2448 963 denarios
2499 916 2611 983 pro
2651 895 2947 963 habenda
2975 915 3109 983 capa

872 1006 1074 1077 serica
1118 1005 1182 1075 in
1236 1004 1457 1087 missa,
1510 1007 1668 1075 ultra
1719 1004 2090 1095 porcionem
2137 1029 2262 1096 que
2308 1006 2452 1077 aliis
2505 1005 2940 1077 communiter
2978 1004 3113 1075 divi-

869 1123 1078 1191 detur.
1113 1122 1269 1190 Item
1303 1118 1749 1190 matriculariis
1791 1118 1971 1191 laicis
2012 1142 2126 1210 pro
2165 1119 2536 1191 melioribus
2572 1133 2637 1192 et
2688 1120 3114 1211 grossioribus

870 1232 1199 1324 campanis
1239 1236 1574 1325 pulsandis
1617 1233 1682 1303 iu
1726 1228 1894 1304 dicta
1934 1232 2409 1325 sollempnitate
2457 1236 2621 1304 duos
2665 1234 2946 1305 solidos.
2987 1237 3116 1303 Pre-

874 1362 1071 1431 terea,
1104 1350 1513 1419 attendentes
1552 1348 1966 1419 multimodas
2002 1346 2495 1420 melioraciones
2529 1370 2689 1438 quas
2723 1348 2939 1419 dictus
2977 1350 3116 1418 sub·

871 1465 1159 1533 decanus
1193 1458 1254 1531 in
1306 1463 1498 1531 domo
1538 1483 1652 1531 sua
1697 1463 1962 1544 fecerat,
2004 1463 2215 1533 eidem
2256 1461 2535 1552 benigne
2572 1466 3026 1533 concessimus
3058 1461 3115 1528 in

869 1575 1146 1667 capitulo
1186 1574 1467 1666 generali
1509 1577 1573 1644 in
1618 1574 1900 1665 predicta
1958 1575 2175 1666 vigilia
2213 1574 2567 1646 Nativitatis
2604 1577 2775 1667 quod
2818 1572 3113 1665 quicquid

868 1693 948 1762 de
988 1692 1180 1761 domo
1230 1687 1512 1779 predicta
1551 1701 1615 1759 et
1665 1711 1853 1779 parva
1900 1691 2091 1759 domo
2131 1689 2302 1760 dicte
2356 1690 2574 1760 domui
2629 1689 2957 1779 contigua,
3011 1709 3115 1778 pro

864 1804 1098 1897 quibus
1128 1802 1318 1875 solvit
1342 1801 1709 1893 quindecim
1741 1805 1940 1875 libras
1967 1825 2180 1874 annue
2214 1802 2569 1895 pensionis,
2599 1818 2748 1895 post
2778 1806 3111 1875 decessum

866 1917 1017 1990 dicti
1057 1919 1413 1989 subdecani
1448 1917 1663 1988 baberi
1698 1918 1929 2009 poterit
1957 1920 2119 1988 ultra
2146 1916 2368 2008 viginti
2404 1917 2600 1988 libras
2633 1916 3104 2008 parisiensium,

865 2037 1016 2104 dum
1050 2047 1264 2104 tamen
1309 2034 1466 2103 illud
1510 2034 1655 2122 plus
1696 2054 1825 2102 non
1857 2034 2121 2103 excedat
2148 2053 2462 2102 summam
2494 2049 2769 2121 quatuor
2787 2031 3106 2111 librarum,

866 2172 1013 2220 cum
1053 2146 1360 2239 predictis
1393 2144 1856 2237 quinquaginta
1895 2143 2120 2216 solidis
2168 2147 2233 2215 in
2268 2147 2441 2217 dicto
2488 2149 2655 2217 sesto
2704 2145 3114 2217 distribuatur

865 2263 1197 2347 canonicis
1244 2275 1308 2333 ct
1355 2259 1802 2331 matriculariis
1854 2259 2106 2331 clericis
2151 2283 2229 2332 eo
2277 2263 2471 2332 modo
2514 2284 2643 2351 quo
2682 2260 2978 2351 superius
3020 2274 3115 2328 est

864 2399 1265 2471 expressum.
1323 2380 1389 2446 ln
1447 2397 1718 2466 quornm
1777 2374 2064 2445 omnium
2130 2373 2564 2466 predictorum
2624 2374 2993 2446 memoriam
3047 2387 3104 2444 et

868 2489 1308 2564 testimonium
1350 2488 1627 2580 sigillum
1661 2504 1953 2560 nostrum
1993 2511 2118 2559 una
2157 2512 2304 2560 cum
2339 2488 2553 2579 sigillo
2581 2488 2735 2560 dicti
2777 2485 3108 2560 subdecani

867 2604 1277 2698 presentibus
1310 2604 1606 2675 duximus
1643 2606 2125 2695 apponendum.
2171 2607 2397 2674 Actum
2421 2626 2592 2675 anno
2631 2603 2884 2674 Domini
2915 2603 3106 2673 mille-

865 2720 1029 2793 simo
1077 2720 1523 2793 ducentesimo
1570 2717 2048 2810 septuagesimo
2101 2732 2308 2801 sexto,
2361 2716 2425 2789 in
2483 2715 2695 2809 vigilia
2751 2714 3099 2790 Nativitatis

866 2834 1147 2921 Domini,
1193 2838 1263 2905 in
1302 2833 1580 2925 capitulo
1610 2833 1918 2924 generali.

1795 3184 2192 3247 cccxxxiv

1708 3459 1784 3521 18
1820 3459 2087 3538 janvier
2121 3456 2273 3519 1277

861 3684 1326 3740 Amortissement
1345 3686 1376 3741 a
1403 3686 1692 3757 Raymond
1722 3686 1793 3742 de
1827 3688 2002 3752 Laon,
2035 3687 2323 3742 chevecier
2354 3685 2668 3754 d’Orleans‚
2695 3684 2863 3742 d‘une
2892 3683 3094 3739 sensive

932 3775 963 3828 a
992 3775 1250 3842 Orleans,
1292 3777 1518 3847 Menng,
1574 3778 1840 3848 Donnery
1893 3783 1947 3832 et
1978 3777 2178 3850 Semoy
2215 3794 2317 3849 par
2350 3778 2489 3833 Jean
2539 3776 2745 3849 Horin,
2809 3775 3087 3843 chevalier,

931 3889 1076 3944 pour
1101 3873 1173 3930 20
1199 3875 1369 3930 livres
1389 3874 1623 3946 parisis.

1324 4021 1503 4091 (Orig.
1546 4038 1594 4078 s.
1626 4022 1823 4092 purch.
1856 4022 2023 4077 Arch.
2057 4022 2134 4077 du
2162 4022 2374 4092 Loiret,
2403 4022 2469 4078 G.
2501 4020 2652 4094 441.)

954 4233 1277 4306 Universis
1341 4250 1676 4326 presentes
1757 4236 2000 4309 litteras
2084 4239 2473 4331 inspecturis
2556 4239 2850 4311 ollicialis
2932 4235 3094 4310 curie

863 4347 1332 4421 Aurelianensis
1372 4354 1641 4423 salutem
1682 4350 1744 4421 in
1796 4351 2102 4424 Domino.
2168 4352 2479 4426 Noveritis
2532 4357 2703 4445 quod
2742 4353 2807 4423 in
2845 4375 3092 4445 presen-

936 4666 953 4701 ¹
992 4668 1074 4724 Cf.
1116 4669 1204 4725 ch.
1234 4669 1613 4727 CCCXXXVI.
