3485 5571
1794 684 2154 751 -282—

845 816 972 886 Nos
1016 818 1257 906 itaque,
1311 815 1390 886 de
1438 836 1714 906 quorum
1770 819 1958 887 leodo
2017 819 2361 888 movebant
2420 820 2638 888 omnia
2699 818 3083 909 supradicta,

847 941 976 999 tam
1001 930 1415 1001 donationem
1435 952 1626 1020 quam
1653 930 2095 1002 venditionem
2130 931 2514 1023 premissam
2533 944 2734 1003 ratam
2754 932 3089 1002 babuimus

845 1046 910 1114 et
972 1042 1325 1114 liberaliter
1386 1043 1681 1113 duximus
1750 1046 2255 1135 approbandam,
2322 1042 2762 1117 concedentes
2823 1050 3092 1136 insuper

846 1158 1292 1228 Aurelianensi
1342 1157 1649 1243 ecclesie,
1704 1160 1785 1229 de
1820 1156 2146 1229 voluntate
2187 1173 2249 1230 et
2280 1178 2553 1231 assensu
2589 1158 2746 1231 dicti
2780 1158 3091 1230 archidia-

849 1270 1023 1356 coni,
1052 1293 1279 1342 omnes
1307 1269 1592 1343 decimas
1632 1274 1922 1344 omnium
1963 1272 2282 1343 novalium
2311 1286 2440 1343 tam
2471 1276 2863 1345 excultorum
2907 1290 3091 1364 quam

847 1384 1345 1458 excolendornm
1399 1394 1467 1457 iu
1529 1386 1667 1478 ipsa
1733 1385 2068 1478 parrochia
2127 1389 2206 1458 de
2260 1386 2561 1459 Fontanis
2614 1388 2678 1457 ln
2719 1399 3094 1481 perpetuum

849 1513 914 1571 et
952 1499 1092 1571 sine
1131 1501 1636 1573 contradictione
1687 1505 1784 1572 vel
1832 1494 2258 1573 diminutione
2298 1498 2583 1591 qualibet
2625 1517 2689 1573 et
2718 1504 2964 1593 absque
2994 1499 3096 1572 ali·

850 1616 1033 1705 cujus
1065 1613 1555 1707 participatione
1585 1614 2037 1707 possidendas.
2070 1620 2210 1701 Que
2236 1615 2450 1687 omnia
2485 1629 2550 1687 ut
2584 1618 2763 1687 firma
2791 1630 2855 1688 et
2877 1616 3095 1687 incon⁶

850 1750 1038 1798 cussa
1075 1738 1519 1819 permaneant,
1563 1752 1682 1801 nos
1709 1729 1772 1799 in
1811 1732 2094 1821 ipsorum
2122 1729 2563 1801 testimoninm
2594 1736 2659 1802 et
2685 1730 3094 1802 stabilitatem

849 1852 1186 1933 presentes
1248 1845 1497 1915 litteras
1546 1840 1682 1915 fleri
1744 1843 2019 1915 fecimus
2074 1858 2136 1914 et
2190 1840 2383 1934 sigilli
2460 1844 2665 1916 nostri
2740 1842 3094 1915 munimine

849 1956 1156 2028 roborari.
1206 1964 1431 2029 Actum
1462 1979 1632 2029 anno
1676 1960 1756 2029 ab
1796 1956 2237 2029 incarnatione
2276 1954 2531 2029 Domini
2575 1960 2729 2029 MCC
2761 1957 3093 2041 vicesimo,

851 2086 1075 2143 mense
1102 2071 1421 2163 januario,
1465 2069 1528 2142 in
1560 2070 1772 2163 vigilia
1798 2073 2156 2164 Epiphanio
2188 2069 2471 2145 Domini.

1891 2362 2059 2424 CXCI

1896 2604 2044 2665 1221

851 2827 1061 2896 AgneS‚
1085 2826 1240 2880 mere
1270 2824 1512 2880 d’Eudes
1532 2826 1720 2897 Borel,
1751 2842 2036 2896 approuve
2076 2828 2129 2881 la
2148 2831 2311 2881 vente
2332 2826 2402 2881 de
2425 2827 2479 2880 la
2508 2825 2658 2882 dIme
2686 2826 2756 2881 de
2778 2826 3092 2893 FontaineS,

921 2923 952 2975 a
986 2922 1267 2976 condition
1303 2937 1411 2992 que
1479 2938 1581 2975 son
1625 2920 1712 2976 fils
1776 2922 1857 2976 lui
1894 2924 2115 2993 assigne
2179 2923 2232 2978 le
2297 2929 2448 2978 reste
2502 2922 2601 2977 des
2650 2922 2720 2977 20
2741 2923 3093 2978 lines-char-

921 3018 1132 3072 traines
1159 3017 1227 3072 de
1257 3024 1415 3072 rente
1441 3018 1580 3088 qn‘il
1606 3018 1685 3072 lui
1715 3018 1849 3072 doit.

980 3159 1166 3230 (Orig.
1197 3177 1242 3214 S.
1276 3160 1467 3230 parch.
1502 3159 1671 3214 Arch.
1707 3159 1783 3214 du
1814 3159 2025 3228 Loiret,
2052 3162 2117 3216 G.
2150 3159 2256 3215 325
2287 3179 2302 3230 3
2331 3159 2580 3214 mention
2618 3158 2961 3231 Scriptum.)

940 3327 1286 3411 ManasseS‚
1357 3325 1470 3397 Dei
1537 3325 1748 3416 gracia
1808 3325 2290 3397 Aurelianensis
2355 3327 2732 3418 episcopus,
2795 3324 3095 3395 omnibus

851 3453 1185 3528 presentes
1247 3440 1492 3510 litteras
1542 3439 1931 3530 inspecturis
1993 3442 2264 3510 salutem
2324 3438 2388 3508 in
2446 3439 2748 3510 Domino.
2789 3437 3094 3509 Noveritis

853 3550 1131 3623 universi
1163 3555 1332 3643 quod
1378 3552 1611 3624 nobilis
1653 3553 1883 3624 mulier
1926 3555 2218 3647 [Agnez]‚
2281 3563 2484 3650 mater
2522 3553 2769 3624 Odonls
2802 3551 3089 3632 Borrelli,

850 3664 1098 3737 domini
1139 3669 1217 3738 de
1258 3671 1444 3738 Corte
1481 3667 1683 3749 Aleni,
1718 3670 1784 3740 in
1833 3682 2052 3738 nostra
2093 3671 2432 3759 presencia
2475 3670 2853 3751 constituta,
2879 3668 3093 3737 vendi-

847 3780 1098 3851 cionem
1142 3804 1328 3871 quam
1373 3784 1585 3852 dictus
1643 3784 1784 3852 Odo
1841 3785 2106 3852 Borrelli
2180 3781 2435 3853 dilectis
2507 3781 2654 3851 filiis
2725 3784 2971 3853 decano
3032 3793 3091 3851 et

849 3893 1128 3986 capitulo
1160 3894 1723 3967 Aurelianensibus
1763 3899 1998 3966 fecerat
2037 3899 2116 3967 de
2147 3895 2394 3967 decima
2436 3897 2515 3966 de
2558 3895 2859 3966 Fontanis
2899 3893 3091 3965 voluit

849 4024 912 4079 et
947 4011 1347 4100 approbavit,
1392 4012 1512 4080 sub
1564 4013 1687 4081 hoc
1742 4024 1956 4080 tamen
2002 4012 2191 4080 modo
2253 4025 2321 4079 ut
2361 4011 2646 4101 prefatus
2687 4012 2829 4080 Odo
2869 4006 3090 4099 viginti

848 4122 1041 4193 libras
1083 4123 1565 4195 carnotensium
1592 4129 1791 4194 annui
1835 4123 2121 4195 redditus
2147 4125 2358 4194 eidem
2406 4122 2789 4214 assignaret,
2831 4125 2913 4194 de
2955 4121 3088 4213 qui·
3142 4116 3150 4125 ’

852 4240 1001 4321 buS‚
1051 4237 1232 4308 sicud
1309 4240 1532 4309 eadem
1601 4238 1858 4308 domina
1924 4241 2220 4309 confessa
2262 4251 2386 4320 est,
2432 4239 2657 4309 decem
2696 4250 2761 4307 et
2843 4251 3087 4328 septem

849 4355 1010 4422 libre
1045 4365 1110 4422 et
1135 4375 1244 4422 sex
1284 4351 1530 4423 denarii
1562 4375 1598 4423 a
1624 4352 1955 4444 sepedicto
1987 4353 2270 4444 O[done]
2302 4354 2435 4442 jam
2477 4353 2601 4421 sibi
2643 4356 2894 4421 fuerant
2924 4352 3080 4421 assi·

849 4480 1064 4557 gnate.
1134 4470 1202 4535 In
1277 4468 1462 4557 cujus
1523 4466 1612 4537 rei
1671 4465 2046 4536 memoriam
2109 4478 2174 4536 et
2240 4463 2680 4536 testimonium
2754 4477 3084 4556 presentes

852 4579 1090 4651 litteras
1131 4578 1322 4672 sigilli
1389 4579 1589 4651 nostri
1650 4581 1921 4654 fecimus
1975 4578 2285 4653 roborari.
2333 4584 2556 4654 Actum
2608 4601 2777 4652 anno
2831 4574 3078 4668 Domini

851 4697 1004 4782 MCC
1041 4694 1348 4787 vicesimo
1388 4699 1621 4791 primo,
