3485 5571
1353 677 1427 686 -..
1470 640 1589 706 335
1634 675 1706 688 .-

419 766 886 840 Aurelianensis
941 771 1315 860 episcopus,
1380 767 1541 839 infra
1609 791 1850 839 annum
1923 766 2432 839 confirmationis
2504 792 2646 851 sue,

419 896 701 954 teneatur
736 885 1007 954 reddere
1044 881 1325 974 capitulo
1365 905 1480 973 pro
1514 881 1680 952 dicta
1712 879 1959 953 decima
1999 897 2257 954 centum
2297 884 2497 953 libras
2551 885 2651 954 vel

415 999 677 1067 eandem
713 998 993 1089 capitulo
1033 997 1352 1068 dimittere
1388 993 1647 1089 penitus
1686 1009 1753 1067 et
1805 995 2076 1086 quitare.
2118 1001 2249 1069 Nos
2306 1010 2521 1068 autem
2587 996 2649 1066 in

415 1110 691 1202 predicte
753 1110 1118 1182 donationis
1174 1125 1240 1182 et
1289 1108 1733 1182 concessionis
1800 1108 2243 1182 testimoninm
2313 1123 2652 1203 presentes

414 1224 650 1295 litteras
676 1223 865 1316 sigilli
907 1224 1108 1296 nostri
1172 1223 1529 1297 munimine
1585 1222 1883 1295 duximus
1948 1227 2364 1297 roborandaS.
2417 1228 2652 1297 Datum

414 1362 581 1409 anno
628 1336 878 1410 Domini
924 1341 1235 1409 MCCXXX
1283 1353 1489 1410 sexto.

1415 1723 1663 1785 CCXLII

1144 2023 1522 2100 vinoiseau,
1556 2024 1716 2087 nont
1761 2024 1916 2091 1236

408 2274 761 2346 Assignation
793 2291 893 2346 par
925 2275 1074 2333 saint
1110 2276 1299 2340 Latiis,
1357 2275 1440 2331 roi
1471 2275 1540 2335 do
1595 2275 1829 2347 Eram,
1871 2279 1909 2339 ἡ
1952 2292 2029 2341 un
2082 2277 2233 2339 autel
2272 2275 2370 2347 qui
2398 2275 2513 2335 doit
2540 2277 2660 2331 otro

478 2371 634 2427 elevo
662 2387 808 2442 pour
831 2372 912 2428 les
953 2373 1131 2429 clercs
1169 2372 1499 2443 massacreS,
1532 2372 1603 2431 de
1631 2372 1701 2429 12
1739 2371 1903 2435 livres
1950 2372 2018 2431 de
2047 2378 2206 2431 rente
2236 2389 2335 2427 sur
2362 2372 2445 2429 les
2498 2372 2659 2437 biens

481 2467 771 2537 d’Hugues
800 2466 852 2521 le
902 2466 1232 2538 Bouteiller,
1266 2473 1320 2523 et
1377 2468 1447 2523 de
1492 2472 1619 2523 cent
1653 2468 1816 2523 livres
1870 2484 2014 2540 pour
2060 2468 2115 2523 le
2164 2467 2426 2522 mobilior
2473 2467 2543 2522 de
2572 2473 2661 2523 cet

478 2563 629 2618 autel
659 2579 759 2618 sur
786 2562 894 2617 200
916 2563 1080 2619 livi-es
1108 2564 1141 2619 a
1168 2564 1415 2633 prendre
1445 2564 1543 2619 des
1570 2563 1731 2619 biens
1762 2565 1832 2619 de
1854 2563 1883 2617 J
1891 2580 1996 2618 ean
2020 2563 2234 2619 Gastin.

862 2710 1035 2781 <Or-ig.
1070 2727 1117 2767 s,
1151 2711 1343 2788 pai-ch.
1375 2711 1548 2767 Arch.
1582 2710 1659 2765 du
1696 2711 1904 2782 Loiret,
1949 2710 2015 2766 G.
2061 2710 2212 2779 492).

455 2807 650 2880 (Publ.
681 2807 932 2863 Bulletin
961 2808 1031 2870 de
1057 2811 1114 2863 la
1144 2809 1277 2865 Soc.
1302 2806 1551 2864 archbol.
1586 2808 1655 2862 de
1694 2807 2063 2878 I’Orleanais,
2095 2814 2135 2862 t.
2187 2808 2335 2876 VIII,
2368 2824 2422 2879 pr
2463 2806 2610 2875 510.)

497 3047 892 3134 Ludovicus‚
931 3050 1048 3128 Dei
1088 3048 1287 3141 gratia
1321 3053 1707 3132 Francorum
1739 3073 1872 3137 rex,
1908 3052 2146 3134 dilecto.
2201 3063 2266 3124 et
2303 3048 2473 3130 fideli
2541 3073 2662 3124 suo

406 3162 749 3255 episcopo,
790 3177 856 3235 et
894 3162 1149 3238 dilectis
1187 3162 1324 3242 suis
1366 3167 1611 3254 decano
1649 3177 1714 3240 et
1762 3163 2040 3264 capitulo
2094 3163 2661 3248 Aurelianensibus

406 3280 689 3358 salutem
716 3292 781 3358 el,
809 3278 1250 3362 dilectionem.
1283 3276 1598 3354 Noveritis
1638 3281 1810 3370 quod
1850 3281 2016 3354 bene
2042 3281 2336 3360 volumus
2361 3291 2427 3362 et
2455 3281 2665 3370 placet

405 3390 605 3474 nobis
642 3393 815 3484 quod
844 3395 951 3464 ille
1002 3391 1341 3470 duodecim
1382 3391 1606 3474 librate
1639 3391 1954 3475 redditus,
1994 3416 2119 3486 que
2152 3395 2389 3466 debent
2428 3392 2569 3484 capi
2600 3391 2664 3464 in

405 3520 586 3588 terra
619 3505 902 3598 Hugonis
941 3505 1339 3592 Buticularii,
1380 3504 1629 3596 militis,
1673 3520 1993 3600 ponantur
2045 3507 2110 3588 iu
2154 3505 2430 3590 ecclesia
2468 3512 2665 3593 Aure-

405 3617 712 3706 tianensi,
757 3617 823 3698 in
890 3625 1168 3710 quonam
1226 3619 1408 3700 altari
1446 3623 1618 3712 quud
1665 3620 1756 3706 ibi
1808 3633 2124 3706 statuetur
2160 3619 2226 3698 in
2285 3632 2664 3712 perpetuum

409 3756 533 3826 uro
574 3731 829 3812 clericis
861 3732 1256 3818 interfectis3
1298 3748 1360 3814 et
1397 3736 1569 3824 quod
1600 3735 1681 3805 de
1721 3733 2018 3814 ducentis
2057 3730 2238 3814 libris
2267 3756 2392 3826 que
2425 3735 2664 3812 debent

410 3846 617 3926 levari
657 3848 735 3926 de
761 3849 957 3926 rebus
981 3845 1294 3930 lobannis
1350 3845 1615 3930 Gastin,·
1658 3846 1993 3940 capiantur
2053 3859 2314 3930 centnm
2366 3848 2526 3919 libre
2584 3850 2666 3930 ad

409 3975 795 4042 ornamenta
818 3975 881 4040 et
908 3960 1109 4047 libros
1134 3963 1448 4040 emendos
1468 3963 1547 4042 ad
1577 3984 1742 4056 opus
1776 3960 1994 4046 altaris
2035 3960 2410 4054 supradicti.
2442 3966 2669 4048 Actum

408 4078 586 4176 apud
629 4074 854 4156 vittam
886 4073 1106 4154 Oiseui
1129 4076 1305 4165 juxta
1336 4079 1612 4158 Mentem
1644 4075 1818 4167 Argi,
1845 4099 2015 4152 anno
2054 4073 2311 4162 nomini
2352 4079 2670 4162 MGGXXX

408 4203 623 4273 sonu,
663 4210 887 4274 mense.
926 4203 1222 4282 augusto·
