3485 5571
1713 629 1789 637 —
1839 593 1949 660 150
1994 625 2067 639 —

764 726 1050 806 Bertero‚
1093 721 1532 816 concanonico
1587 736 1808 804 nostro
1854 736 1917 794 et
1969 736 2203 798 vestro,
2249 721 2560 818 quicquid
2617 723 2896 808 babebat
2932 719 2990 792 in

762 836 1011 907 decima
1052 838 1131 926 ale
1168 835 1329 928 luis,
1359 836 1605 926 scilicet
1640 835 2049 926 medietatem
2079 835 2281 928 ipsius
2301 835 2550 907 decime
2579 834 2993 918 vendidisset,

761 952 1032 1021 eandem
1072 949 1385 1021 decimam
1426 956 1503 1038 acl
1534 953 1902 1038 mandatum
1939 949 2143 1046 ipsius
2182 949 2467 1044 magistri
2532 948 2772 1038 Bet-teri
2819 971 3003 1041 super

761 1068 957 1135 altare
997 1064 1272 1135 ecclesie
1290 1079 1531 1148 nostre,
1565 1068 1643 1152 de
1678 1087 1952 1156 assensu
1996 1066 2212 1135 uxoris
2239 1086 2354 1135 sue
2385 1078 2449 1138 et
2477 1063 2850 1148 liberorum,
2886 1067 2998 1134 fra-

762 1194 930 1268 trum
970 1202 1225 1269 quoque
1264 1193 1325 1249 et
1351 1202 1571 1270 eorum
1614 1203 1886 1271 quorum
1944 1179 2261 1266 interesse
2300 1181 2704 1268 credebatur,
2749 1177 3001 1259 obtulit,

763 1308 826 1362 et
868 1292 1109 1363 dimisit
1148 1292 1329 1363 vobis
1368 1294 1625 1384 quidem
1653 1308 1716 1365 et
1751 1293 2026 1365 ecclesie
2062 1308 2274 1364 vestre
2302 1295 2381 1380 ad
2443 1316 2608 1388 opus
2659 1314 3000 1384 pauperum

763 1406 868 1498 qui
905 1407 1006 1477 die
1069 1430 1229 1478 cene
1287 1407 1608 1479 dominice
1679 1411 1978 1486 mandato
2010 1420 2025 1451 ¹
2105 1406 2460 1478 intererunt
2523 1406 2695 1490 illam
2758 1409 2994 1497 prefate

765 1520 1013 1592 decime
1043 1536 1284 1613 partem
1316 1545 1443 1616 que
1473 1526 1552 1600 de
1593 1522 1913 1593 territorio
1952 1524 2121 1616 quod
2153 1522 2214 1592 in
2258 1535 2606 1592 memorata
2645 1520 2790 1591 villa
2814 1523 3002 1591 babe-

764 1634 846 1720 tis
876 1634 1227 1727 proveniet,
1269 1650 1471 1726 totum
1505 1659 1653 1706 vero
1692 1635 2037 1727 reliquum,
2072 1636 2134 1705 in
2174 1639 2617 1728 cujuscunque
2668 1649 2836 1705 terra
2901 1635 3000 1718 sit,

766 1748 949 1824 nobis
989 1761 1065 1819 ad
1107 1752 1321 1844 simile
1354 1749 1608 1842 pietatis
1637 1773 1800 1842 opus
1831 1754 2170 1840 conserens
2197 1764 2261 1821 et
2313 1749 2676 1842 assignanS,
2745 1748 3000 1836 domino

762 1869 1067 1950 Ebrardo,
1116 1866 1491 1936 vicecomite
1524 1865 1924 1950 Carnotensi‚
1968 1867 2048 1936 de
2087 1868 2272 1956 cujus
2313 1867 2498 1936 feodo
2552 1864 2688 1955 ipsa
2754 1862 2996 1933 decima

764 1995 899 2049 erat
962 1982 1246 2063 feodum,
1304 1979 1491 2051 nobis
1530 1995 1592 2056 et
1631 1981 1813 2058 vobis
1853 1980 1914 2051 in
1956 1982 2375 2070 elemosinam
2454 1981 2877 2063 concedente,
2943 1992 3004 2047 et

766 2106 890 2162 tam
920 2092 1349 2164 venditionem
1391 2118 1579 2184 quam
1616 2093 2006 2164 oblationem
2047 2096 2187 2185 ejus
2245 2092 2482 2184 scripto
2527 2115 2646 2162 suo
2684 2091 3003 2172 autentico

766 2209 1211 2276 confirmante.

1745 2569 2041 2648 Lxxvn1

1680 2873 2066 2954 [11664490]

769 3153 1102 3206 Concession
1135 3169 1233 3222 par
1263 3152 1461 3206 Martin
1496 3152 1698 3206 Billard
1731 3169 1803 3206 au
1827 3152 2102 3207 chanoine
2148 3153 2432 3224 Foulques
2479 3154 2549 3208 de
2592 3154 2805 3225 l’usage
2844 3154 3008 3209 d'une

1205 3248 1303 3302 des
1335 3248 1581 3302 maisons
1609 3249 1746 3319 qu'il
1776 3265 1808 3303 a
1833 3248 2081 3303 donnees
2111 3251 2140 3303 ξι
2176 3250 2575 3304 Sainte-Croix.

1293 3393 1468 3465 (Orig.
1502 3411 1547 3450 s,
1582 3394 1773 3489 parch.
1809 3395 1978 3449 Arch.
2012 3395 2222 3463 Loiret‚
2254 3398 2319 3450 G.
2344 3395 2493 3466 268).

1682 3641 2104 3705 ClnostRAanM

865 3818 908 3883 Η
936 3816 1141 3906 [agol.
1165 3815 1279 3893 Dei
1312 3815 1510 3905 gratia
1543 3820 1774 3889 Sancte
1797 3816 2015 3891 Crucis
2036 3820 2346 3900 decanus,
2370 3832 2704 3909 totumque
2727 3821 3018 3911 ejusdem

774 3927 1048 3999 ecclesie
1071 3928 1415 4019 capitulum
1449 3929 1749 4000 omnibus
1790 3929 1850 4000 in
1887 3930 2160 4002 Domino
2184 3935 2482 4002 salutem.
2512 3937 2589 4004 Ut
2614 3956 2687 4004 ea
2718 3957 2842 4026 que
2873 3959 3022 4007 nos-

775 4042 887 4111 tris
920 4042 1315 4134 temporibus
1366 4043 1425 4112 in
1477 4059 1830 4136 conspectu
1882 4058 2102 4115 nostro
2141 4046 2580 4138 sollempniter
2617 4030 3022 4143 celebrantur

773 4170 1145 4241 constanter
1209 4172 1508 4247 maneant
1565 4156 1830 4247 illibata,
1881 4182 2234 4249 congruum
2311 4175 2408 4235 est
2448 4164 2672 4249 eadem
2748 4164 3018 4255 signatis

773 4268 1062 4359 apicibus
1080 4270 1539 4343 commendari.
1587 4274 1675 4343 Ad
1707 4271 2130 4347 universatem
2158 4290 2431 4349 vestram
2458 4277 2775 4367 presentis
2800 4277 3017 4369 scripti

843 4609 859 4641 ¹
901 4612 972 4664 Le
1004 4611 1220 4685 Maride.
