3485 5571
848 798 1064 856 cetero
1130 784 1412 878 petituri.
1458 787 1646 872 Quod
1685 783 1749 855 in
1792 797 2010 856 nostra
2050 787 2285 856 lactum
2326 783 2659 877 presencia
2719 796 2788 855 ut
2869 798 3103 857 notum

848 911 912 969 et
945 900 1174 971 stabile
1225 913 1616 991 perseveret,
1678 911 2045 991 presentem
2105 896 2400 990 paginam
2450 897 2675 971 litteris
2728 912 3100 972 annotatam

848 1014 925 1082 ad
970 1012 1343 1104 petitionem
1387 1011 1659 1106 partium
1696 1011 1891 1103 sigilli
1939 1011 2139 1084 nostri
2177 1010 2547 1085 testimonio
2575 1012 2844 1085 lecimus
2911 1036 3106 1085 com-

850 1125 1105 1197 muniri.
1137 1132 1360 1197 Actum
1399 1149 1568 1199 anno
1610 1125 1812 1218 gratie
1841 1130 1920 1197 Μ·
1960 1128 2080 1196 CC·
2127 1124 2428 1217 septimo.

1865 1521 2117 1582 CXLVll

1909 1819 2067 1883 1207

854 2073 1109 2142 Isabeau,
1138 2073 1347 2130 femme
1375 2074 1444 2129 de
1464 2074 1604 2130 Jean
1629 2073 1927 2141 d’Alonne,
1958 2073 2292 2130 abandonne
2321 2076 2353 2130 a
2400 2074 2780 2133 Sainte-Croix
2809 2076 2864 2132 la
2895 2091 3110 2131 menne

926 2169 1075 2224 dlme
1105 2174 1160 2224 et
1187 2169 1269 2224 les
1296 2168 1573 2224 oblations
1619 2169 1688 2223 de
1707 2169 1920 2239 l’eglise
1950 2169 2018 2224 de
2044 2171 2261 2239 Nouan,
2297 2171 2612 2242 longtemps
2642 2171 2953 2242 disputeeS.

1328 2311 1506 2382 (Orig.
1535 2330 1581 2367 s,
1615 2313 1807 2384 parch.
1841 2313 2010 2369 Arch.
2044 2313 2119 2369 du
2139 2313 2344 2381 Loiret,
2378 2314 2444 2369 G.
2467 2312 2618 2382 355).

945 2533 1075 2620 Ego
1114 2530 1637 2600 Archambaudus
1661 2526 1875 2599 dictus
1940 2531 2141 2599 abbas
2181 2531 2260 2601 de
2300 2528 2579 2614 Oliveto,
2622 2529 2926 2601 omnibus
2964 2552 3109 2623 pre·

860 2656 1080 2716 sentes
1120 2642 1362 2714 litteras
1399 2641 1794 2734 inspecturis
1820 2641 1881 2711 in
1914 2645 2188 2714 Domino
2226 2645 2520 2715 salutem.
2550 2646 2641 2714 Ad
2671 2641 3107 2716 universitatis

859 2771 1069 2830 vestre
1111 2754 1416 2829 noticiam
1487 2758 1783 2828 volumus
1835 2757 2137 2828 devenire
2199 2759 2399 2848 quod,
2449 2759 2531 2829 ad
2597 2780 2825 2851 preces
2887 2754 3107 2830 dilecti

861 2873 1067 2943 nostri
1102 2870 1440 2954 Johannis‚
1469 2868 1899 2942 archidiaconi
1929 2869 2436 2955 Aurelianensis,
2469 2893 2684 2942 coram
2747 2872 2890 2964 ipso
2930 2868 3108 2943 veni-

861 3009 1004 3057 mus
1043 2987 1209 3077 apud
1232 2989 1457 3068 Noem,
1491 2983 1599 3054 ubi
1626 2986 1886 3055 domina
1916 2986 2148 3067 lsabel‚
2191 3007 2348 3056 uxor
2373 2987 2685 3056 Johannis
2732 2987 2812 3056 de
2879 2988 3105 3068 Mona,

862 3100 925 3170 in
962 3113 1181 3170 nostra
1212 3098 1560 3169 constituta
1602 3099 1952 3189 presentia,
1987 3096 2250 3188 quitavit
2279 3097 2489 3169 eidem
2542 3097 2997 3172 archidiacono
3045 3111 3108 3169 et

861 3212 1136 3286 ecclesie
1187 3217 1418 3283 Sancte
1492 3210 1713 3283 Crucis
1775 3209 2252 3283 Aurelianensis
2313 3214 2380 3281 in
2460 3226 2834 3304 perpetuum
2899 3212 3107 3283 minu-

863 3345 990 3399 tam
1021 3326 1336 3399 decimam
1378 3328 1458 3397 de
1518 3327 1854 3417 parrochia
1900 3327 1979 3397 de
2038 3330 2234 3397 Noem
2302 3339 2365 3397 et
2417 3327 2779 3398 oblationes
2817 3329 3106 3419 ejusdem

862 3436 1144 3513 ecclesie
1178 3453 1243 3512 et
1267 3442 1558 3532 ejusdem
1592 3441 1767 3522 ville,
1808 3460 2003 3530 super
2024 3440 2260 3530 quibus
2295 3441 2404 3511 diu
2438 3455 2684 3511 versata
2717 3443 2921 3512 suerat
2956 3463 3108 3513 con-

862 3557 1066 3627 tentio
1093 3556 1263 3625 inter
1293 3553 1534 3625 dictum
1569 3554 2098 3624 archidiaconum
2141 3566 2205 3625 et
2237 3557 2292 3622 J.
2331 3556 2412 3623 de
2447 3555 2669 3638 Alona,
2708 3556 2916 3625 virum
2940 3557 3105 3646 ejus.

866 3671 1018 3741 Fide
1058 3667 1247 3740 etiam
1290 3668 1570 3738 mediate
1609 3681 1672 3738 et
1712 3668 2135 3758 corporaliter
2176 3666 2440 3758 prestita
2465 3668 2531 3737 in
2572 3689 2775 3739 manu
2794 3665 3105 3760 sepedicti

865 3782 1326 3869 archidiaconi,
1362 3782 1633 3852 firmavit
1666 3783 1838 3872 quod
1895 3803 2245 3872 numquam
2273 3782 2412 3872 ipsa
2457 3783 2551 3852 vel
2597 3780 2762 3851 alius
2813 3804 2930 3873 per
2967 3803 3102 3853 eam

865 3906 976 3968 aut
1013 3920 1129 3988 pro
1158 3918 1234 3968 ea
1268 3895 1333 3966 in
1377 3898 1664 3988 predicta
1704 3893 1956 3966 decima
1991 3916 2106 3966 seu
2136 3894 2572 3966 oblationibus
2621 3896 2867 3986 aliquid
2910 3897 3106 3967 recla-

867 4014 1182 4082 maret.1n
1223 4012 1407 4102 cujus
1442 4007 1531 4081 rei
1569 4007 2009 4081 testimonium
2056 4023 2123 4080 et
2179 4010 2555 4081 memoriam
2611 4021 2738 4080 tam
2813 4011 2892 4080 ad
2952 4006 3102 4078 dicti

867 4124 1301 4196 archidiaconi
1332 4146 1523 4215 quam
1554 4123 1724 4195 dicte
1765 4121 2024 4194 domine
2064 4120 2440 4214 petitionem
2500 4137 2868 4215 presentem
2939 4117 3106 4213 pagi-

869 4263 1014 4311 nam
1070 4238 1263 4310 scribi
1307 4253 1371 4311 et
1436 4238 1624 4330 sigilli
1666 4237 1868 4309 nostri
1907 4237 2178 4309 lecimus
2228 4237 2494 4323 muniri,
2574 4260 2745 4310 anno
2818 4236 3101 4308 incarna-

870 4350 1062 4424 tionis
1100 4351 1425 4424 dominice
1458 4350 1807 4423 millesimo
1827 4348 2278 4423 ducentesimo
2303 4349 2601 4442 septimo.
