3485 5571
1716 692 2071 756 ——534-

764 819 1145 911 ampliantes
1178 845 1195 904 ;
1236 834 1298 891 et
1340 844 1487 892 cum
1524 824 1599 891 ad
1650 843 1867 910 regem
1898 819 2216 912 pertinere
2248 823 2378 912 jam
2419 820 2788 913 specialiter
2827 819 3001 893 vide·

764 949 930 1017 atur,
971 937 1320 1005 absurdum
1367 947 1543 1006 esset
1615 939 1795 1025 regis
1835 933 2175 1006 ecclesiam
2217 932 2511 1006 interdici
2551 938 2760 1006 donec
2804 936 3008 1026 primo

762 1050 1117 1118 fuissemus
1168 1047 1338 1139 regis
1380 1048 1651 1119 consilio
1698 1048 2005 1119 roborati.
2050 1053 2177 1120 Nos
2226 1047 2420 1139 igitur
2451 1065 2691 1140 partem
2728 1065 3010 1120 vestram

763 1176 828 1234 et
845 1164 1153 1233 honorem
1185 1163 1430 1252 regium
1454 1165 1664 1234 lovere
1685 1161 2066 1254 propensius
2104 1175 2493 1255 satagentes,
2521 1161 3001 1233 universitatem

768 1290 1044 1347 vestram
1115 1275 1390 1347 dulciter
1447 1277 1867 1367 imploramus
1935 1276 2236 1368 quatinus
2293 1276 2503 1347 velitis
2577 1298 2690 1367 per
2752 1291 2881 1347 tem
2898 1301 3014 1368 pus

770 1389 1094 1461 modicum
1137 1390 1481 1474 sustinere,
1514 1389 1684 1481 quia,
1730 1404 2068 1482 postquam
2104 1414 2250 1461 cum
2292 1389 2553 1462 domino
2600 1412 2753 1481 rege
2815 1393 3015 1462 locuti

768 1503 1103 1588 fuerimus,
1139 1502 1325 1575 nobis
1366 1504 1775 1595 providentes
1807 1527 1933 1595 que
1970 1506 2352 1576 videbuntur
2409 1503 2613 1595 magis
2649 1504 3014 1576 necessaria

769 1617 1103 1689 iaciemus.

1665 1952 2128 2015 CCCLXXXVII

1644 2246 1723 2307 15
1765 2263 1945 2309 mars
1990 2244 2144 2309 1321

1352 2434 1502 2504 (Tire
1539 2434 1685 2491 d’un
1722 2434 1967 2504 reqistre
1999 2433 2140 2504 plus
2177 2432 2423 2502 ancien).

1148 2675 1429 2735 unvanus
1472 2691 1545 2733 m·
1593 2691 1802 2733 unm-rs
1847 2690 1925 2731 nu
1969 2673 2247 2732 norsum}
2293 2669 2631 2730 n'OnuiANs

778 2875 940 2946 (Petit
966 2890 1085 2945 reg.
1117 2876 1308 2947 parch.
1343 2875 1412 2931 de
1440 2875 1476 2930 9
1503 2874 1687 2944 folioS,
1721 2880 1952 2929 convert
1976 2890 2047 2929 en
2067 2873 2284 2945 parch..
2322 2903 2388 2914 —
2421 2871 2691 2927 Archives
2712 2871 2789 2926 du
2811 2870 3014 2937 Loiret,

1771 2972 1840 3027 G.
1868 2971 2019 3043 441).

865 3202 1044 3266 Anno
1078 3190 1332 3264 Domini
1375 3192 1720 3261 millesimo
1762 3191 2042 3271 CCCXX,
2073 3189 2178 3258 die
2214 3191 2316 3258 XV
2351 3186 2597 3257 mensis
2628 3181 2877 3266 marcii,
2909 3181 3018 3252 fuit

774 3313 1091 3382 abstratus
1118 3308 1242 3378 iste
1284 3305 1444 3376 liber
1472 3306 1551 3375 de
1592 3305 1871 3395 quodam
1901 3301 2164 3392 antiquo
2195 3301 2355 3371 libro
2394 3313 2459 3371 et
2486 3310 2764 3384 vetusto,
2799 3297 2860 3368 in
2895 3319 3016 3388 quo

777 3424 1271 3496 continebantur
1306 3418 1737 3509 infrascripta,
1778 3415 2077 3487 videlicet
2106 3413 2395 3487 redditus
2434 3416 2788 3485 decanatus
2829 3417 3016 3483 Aure·

777 3536 1084 3618 lianensis
1115 3548 1179 3607 et
1217 3536 1354 3627 ejus
1380 3536 1546 3626 jura.

776 3779 851 3847 Et
887 3774 1092 3867 primo
1119 3775 1312 3844 habet
1358 3774 1641 3844 decanus
1672 3766 2149 3842 Aurelianensis
2171 3768 2236 3839 in
2266 3766 2595 3860 parrochia
2620 3769 2701 3837 de
2726 3768 3016 3838 Ardonno

871 3888 1267 3959 mannerium
1310 3909 1458 3957 cum
1500 3889 1701 3956 tribus
1728 3885 2005 3968 stannis,
2040 3896 2187 3955 octo
2225 3893 2487 3974 arpenta
2515 3880 2870 3952 vinearum.

781 4010 939 4076 Item
980 4001 1319 4073 duodecim
1358 4015 1619 4092 arpenta
1661 4012 1984 4091 pratorum
2023 4001 2121 4069 vel
2163 3996 2355 4069 circa.

780 4124 939 4190 Item
979 4118 1324 4188 duodecim
1366 4118 1640 4187 minatas
1676 4130 1868 4186 terre.

782 4238 934 4304 Item
978 4235 1253 4303 ducenta
1279 4244 1540 4320 arpenta
1576 4252 1910 4301 nemorum
1937 4250 2060 4319 que
2093 4240 2243 4299 sunt
2276 4228 2492 4298 clausa
2538 4227 2614 4295 ad
2644 4227 2907 4307 tossata,
2944 4223 3016 4291 de

868 4347 1104 4437 quibus
1145 4369 1271 4417 non
1313 4347 1585 4417 debetur
1621 4342 1963 4435 griagium.

783 4466 942 4534 Item
984 4476 1244 4533 centum
1273 4474 1536 4552 arpenta
1577 4482 1702 4550 que
1745 4481 1872 4529 non
1914 4470 2063 4529 sunt
2089 4458 2329 4537 clausa,
2370 4457 2451 4525 de
2480 4456 2720 4543 quibus
2757 4451 3018 4522 debetur

872 4575 1180 4668 griagium
1220 4577 1485 4645 domino
1524 4577 1603 4644 de
1643 4572 1915 4643 Feritate
1954 4572 2211 4662 qnando
2251 4571 2636 4639 venduntur.

782 4696 941 4764 Item
984 4702 1196 4762 rector
1223 4687 1499 4760 ecclesie
1529 4689 1610 4759 de
1648 4688 1949 4758 Ardonno
1989 4687 2182 4756 debet
2209 4680 2534 4754 annuatim
2574 4676 2831 4752 racione
2858 4674 3018 4747 dicte
