3485 5571
1802 699 1881 713 ·-
1921 667 2039 732 290
2080 701 2156 714 —

859 802 972 884 per
1008 776 1203 867 alium
1232 794 1532 866 decetero
1566 794 1961 867 reclamabit.
2005 801 2074 867 In
2128 798 2315 887 cujus
2348 794 2440 867 rei
2472 794 2837 871 memoriam
2863 806 2927 867 et
2962 809 3073 868 tes-

857 907 1197 980 timoninm
1262 922 1598 998 presentes
1682 908 1924 981 litteras
1983 909 2117 983 fieri
2180 911 2447 981 fecimus
2523 926 2587 983 et
2643 909 2827 1002 sigilli
2882 911 3070 983 nostri

856 1020 1215 1095 munimine
1235 1021 1547 1095 roborari.
1569 1028 1795 1095 Actum
1813 1046 1985 1099 anno
2008 1023 2264 1097 Domini
2284 1026 2440 1097 ΠΕΟ
2457 1024 2761 1099 vicesimo
2780 1026 3077 1107 secundo,

853 1157 1079 1209 mense
1112 1135 1419 1209 octobris.

1937 1406 2025 1468 CC

1732 1655 1810 1719 ΞΟ
1849 1672 2029 1718 mars
2064 1653 2227 1717 1224

855 1856 1021 1912 Lonis
1071 1857 1444 1928 d’Augervillo
1472 1873 1684 1930 engage
1705 1857 1935 1931 pour80
1963 1859 2128 1915 tivros
2152 1858 2352 1931 parisis
2384 1875 2456 1914 au
2483 1858 2736 1931 chapitre
2763 1876 2823 1915 sa
2842 1860 2992 1915 dime
3015 1858 3085 1915 dn

1102 1953 1234 2025 pain
1263 1960 1317 2009 et
1349 1954 1425 2009 du
1456 1954 1550 2010 vin
1590 1954 1670 2010 du
1698 1956 1994 2023 monceau,
2025 1972 2097 2013 en
2125 1956 2180 2011 la
2208 1954 2458 2028 paroisse
2484 1956 2557 2013 de
2585 1956 2884 2028 Montigny.

1319 2099 1494 2171 (Orig.
1528 2117 1575 2155 ε.
1602 2100 1799 2174 parch.
1830 2102 2001 2157 Arch.
2038 2100 2112 2156 du
2155 2100 2359 2174 Loiret,
2388 2101 2455 2159 G.
2488 2100 2642 2173 377.)

951 2266 1366 2359 Ph[ilippus]‚
1441 2265 1557 2340 Dei
1635 2267 1837 2362 gratia
1877 2267 2356 2342 Aurelianensis
2394 2266 2767 2359 episcopus,
2805 2265 3097 2338 omnibus

859 2394 1197 2471 presentes
1244 2379 1489 2452 litteras
1538 2381 1927 2473 inspecturis
1957 2385 2229 2453 salutem
2270 2383 2334 2452 in
2362 2380 2666 2465 Domino.
2700 2378 3090 2453 Universitati

862 2509 1070 2567 vestre
1080 2509 1302 2566 notum
1322 2495 1590 2566 tacimus
1605 2496 1991 2569 Ludovicum
2008 2498 2090 2568 de
2108 2497 2460 2588 Augervilla
2479 2495 2746 2567 militem
2764 2508 2828 2567 et
2843 2516 3096 2566 uxorem

862 2613 1005 2701 ejus
1037 2610 1246 2681 Aaleis
1309 2623 1508 2680 totam
1538 2612 1858 2682 decimam
1901 2633 2082 2682 suam
2125 2624 2253 2680 tam
2302 2608 2430 2681 vini
2480 2632 2673 2700 quam
2705 2608 2873 2689 bladi
2912 2632 3092 2700 quam

864 2724 927 2794 in
964 2721 1299 2816 parrochia
1328 2724 1409 2795 de
1440 2722 1908 2816 Montegniaco,
1940 2726 2022 2795 ad
2051 2727 2265 2796 locum
2304 2723 2413 2816 qui
2452 2725 2802 2795 Moncellus
2845 2721 3094 2806 dicitur,

867 2837 1308 2931 possidebant,
1333 2839 1772 2910 Aurelianensi
1800 2838 2079 2930 capitulo
2105 2862 2219 2931 pro
2249 2837 2576 2930 octoginta
2601 2837 2779 2910 libris
2807 2837 3102 2930 parisien·

868 2952 1045 3024 sibus
1075 2952 1258 3024 titulo
1286 2951 1572 3044 pignoris
1607 2953 1960 3046 obligasse,
2019 2956 2145 3024 fide
2192 2954 2611 3044 corporatiter
2651 2951 2913 3045 prestita
2937 2954 3099 3044 quod

871 3066 1181 3139 decimam
1222 3066 1392 3138 illam
1431 3071 1598 3137 hona
1652 3069 1779 3138 fide
1818 3067 2099 3158 capitulo
2150 3068 2535 3158 garendient
2573 3063 2927 3138 nominato.
2970 3067 3102 3136 Odo

871 3204 1021 3252 vero
1078 3179 1289 3265 miles,
1336 3181 1443 3272 qui
1522 3183 1907 3256 Maleserhes
1972 3179 2358 3272 cognomine
2423 3178 2761 3266 vocitatur,
2798 3182 2880 3250 de
2931 3181 3105 3271 cujus

870 3297 1062 3366 feodo
1101 3295 1269 3366 dicta
1331 3309 1546 3367 movet
1584 3294 1860 3380 decima,
1920 3298 2088 3366 hanc
2136 3292 2594 3386 obligationem
2654 3293 2825 3364 illius
2865 3292 3107 3365 decime

876 3410 1048 3480 dicto
1095 3412 1323 3481 factam
1386 3409 1696 3503 capitul0,
1766 3432 1981 3481 coram
2033 3407 2223 3480 nobis
2273 3409 2532 3499 penitus
2579 3407 2982 3500 approbavit,
3035 3410 3107 3478 dc

873 3523 1305 3614 garendienda
1361 3537 1713 3597 memorata
1777 3523 2025 3595 decima
2085 3521 2378 3615 capitulo
2435 3535 2758 3614 pretaxato
2796 3523 2926 3594 fide
2973 3525 3109 3593 data

875 3634 1154 3727 plegium
1192 3658 1265 3706 se
1303 3638 1697 3708 concedens.
1740 3641 2021 3708 Thomas
2051 3636 2246 3707 etiam
2276 3639 2355 3708 de
2382 3640 2762 3726 Mancrepon
2789 3633 3002 3717 miles,
3045 3635 3105 3703 in

873 3735 1091 3820 nostra
1129 3752 1453 3841 presentia
1497 3749 1911 3837 constitutus,
1977 3754 2056 3821 de
2111 3751 2464 3842 prescripta
2522 3748 2769 3821 decima
2828 3750 3108 3840 sepefato

869 3864 1149 3954 capitulo
1179 3861 1612 3954 garendienda
1642 3866 1768 3935 fide
1796 3862 2094 3934 similiter
2118 3861 2493 3955 interposita
2533 3861 2815 3955 plegium
2845 3883 2922 3934 se
2961 3884 3108 3933 con-

867 3973 1089 4046 cessit.
1135 3981 1352 4049 Preter
1388 3982 1510 4050 hec
1556 3991 1799 4062 autem,
1841 3980 2197 4068 prelibatus
2248 3973 2611 4050 Ludovicus
2648 3997 2842 4066 super
2887 3997 3107 4066 garen-

865 4088 1097 4164 dienda
1132 4094 1446 4183 prelibato
1484 4090 1766 4183 capitulo
1817 4093 2066 4162 decima
2123 4091 2479 4181 sepedicta,
2523 4101 2729 4161 totum
2774 4089 2953 4166 feodi
3011 4085 3105 4161 sui

862 4203 1187 4275 residuum
1224 4207 1397 4295 quod
1439 4205 1503 4276 in
1537 4203 1821 4297 predicta
1869 4205 2205 4295 parrochia
2232 4207 2312 4275 de
2353 4200 2795 4294 Montegniaeo
2823 4200 3106 4293 possidet

855 4316 922 4387 in
959 4317 1468 4408 contraplegium
1503 4317 1831 4408 obligavit.
1880 4320 2066 4404 Quod
2102 4330 2170 4388 ut
2197 4330 2423 4388 notum
2453 4329 2517 4388 et
2543 4329 2751 4387 ratum
2773 4318 3101 4400 habeatur,

852 4445 1188 4521 presentes
1212 4432 1452 4503 litteras
1477 4434 1556 4502 ad
1584 4430 1962 4523 petitionem
1997 4432 2289 4523 parcium
2314 4429 2508 4521 sigilli
2545 4429 2748 4502 nostri
2790 4443 3105 4501 caractere

848 4543 1120 4617 fecimus
1159 4546 1473 4620 roborari.
1517 4550 1745 4618 Actum
1785 4568 1957 4618 anno
1988 4543 2189 4637 gratie
2242 4546 2502 4630 MCCXX
2543 4542 2769 4626 tercio,
2801 4544 2912 4620 die
2939 4542 3096 4624 vice-

846 4680 1013 4729 simo
1052 4682 1300 4732 marcu.
