3485 5571
1802 707 2157 770 -390—

1846 1096 2118 1158 CCXClIl

1762 1398 1792 1458 J
1800 1397 1985 1458 uillet
2028 1395 2187 1460 1252

850 1645 1321 1702 Amortissement
1349 1660 1452 1717 par
1478 1644 1738 1717 l’eveque
1756 1645 2079 1702 Guillaume
2102 1650 2156 1702 et
2171 1661 2275 1719 par
2296 1645 2435 1703 Iean
2465 1646 2535 1702 de
2562 1647 2789 1717 Meung,
2807 1647 3101 1718 seigneurs

923 1742 1231 1811 suaerainS,
1264 1741 1333 1797 de
1363 1740 1433 1796 74
1470 1747 1697 1813 arpents
1736 1747 1792 1797 et
1835 1741 1984 1797 demi
2017 1742 2088 1798 de
2116 1748 2287 1812 terre,
2332 1758 2404 1799 en
2452 1742 2507 1798 la
2552 1742 2801 1814 paroisse
2832 1744 2908 1799 de
2939 1744 3101 1817 Gidy,

926 1836 1141 1892 donnes
1180 1838 1213 1892 a
1243 1836 1622 1892 Sainte-Croix
1649 1853 1751 1908 par
1782 1836 1964 1892 Eudes
1993 1836 2091 1892 des
2130 1835 2375 1908 Boebes,
2422 1853 2493 1893 en
2523 1838 2713 1894 rachat
2742 1836 2812 1893 de
2861 1839 2919 1894 la
2960 1839 3103 1894 dime

924 1931 993 1988 de
1021 1933 1165 2005 Gidy
1189 1933 1286 2006 qui
1310 1933 1452 1989 avait
1479 1933 1568 1989 ete
1597 1933 1818 1990 donnee
1846 1949 1919 1989 au
1949 1934 2220 2005 chapitre.

1306 2079 1481 2151 (Orig.
1514 2097 1563 2138 s.
1594 2081 1789 2153 par-cb.
1820 2082 1996 2137 Arch.
2029 2081 2106 2138 dn
2143 2082 2349 2152 Loiret,
2393 2082 2460 2139 G.
2502 2082 2654 2150 329).

946 2333 1347 2412 Guillelmus,
1440 2331 1657 2400 divina
1728 2328 2142 2401 miseratione
2199 2328 2672 2401 Aurelianensis
2726 2329 3106 2422 episcopus,

857 2444 1174 2516 universis
1236 2457 1571 2536 presentes
1629 2443 1875 2515 litteras
1915 2443 2306 2535 inspecturis
2363 2447 2634 2516 salutem
2694 2448 2763 2514 in
2794 2446 3106 2516 Domino.

859 2559 1175 2630 Noveritis
1213 2560 1385 2649 quod
1424 2580 1574 2628 cum
1614 2560 1836 2642 Fulco,
1879 2561 2270 2649 Stephanus,
2313 2560 2529 2648 Regna
2559 2571 2623 2629 et
2645 2560 2963 2641 Elisabet,
2996 2558 3105 2627 filii

854 2687 919 2743 et
959 2674 1232 2745 heredes
1284 2672 1568 2743 defuncti
1622 2670 1936 2742 lobannis
1997 2674 2076 2743 de
2127 2671 2444 2762 Rupibus,
2506 2671 2753 2756 militis,
2815 2686 3110 2762 peterent

865 2787 1244 2858 auctoritate
1289 2785 1643 2878 apostolica
1693 2807 1911 2857 coram
1950 2783 2140 2856 nobis
2180 2800 2245 2856 et
2297 2782 2549 2857 dilectis
2577 2784 2726 2856 filiis
2759 2789 3012 2857 decano
3050 2800 3110 2857 et

859 2901 1139 2993 capitulo
1165 2900 1606 2972 Aurelianensi
1645 2898 1963 2972 decimam
1987 2903 2066 2971 de
2108 2899 2408 2991 Gidyaco,
2443 2921 2635 2991 quam
2669 2899 2841 2972 idem
2870 2903 3110 2973 loban-

854 3039 998 3098 nes,
1041 3029 1221 3108 pater
1256 3037 1505 3100 eorum,
1546 3017 1714 3085 hone
1750 3012 2061 3084 memorie
2093 3012 2411 3105 Philippo,
2455 3018 2780 3105 quondam
2825 3015 3110 3086 Aurelia-

855 3129 1039 3201 nensi
1066 3130 1398 3221 episcopo,
1438 3126 1625 3201 titulo
1655 3127 1943 3219 pignoris
1968 3127 2383 3218 obligaverat,
2428 3142 2492 3199 et
2518 3132 2939 3220 postmodum
2964 3131 3112 3199 Phi·

857 3244 1093 3335 lippus,
1151 3265 1494 3314 successor
1551 3243 1756 3333 ipsius
1795 3241 2110 3336 episcopi,
2155 3265 2326 3312 nunc
2389 3264 2502 3333 per
2546 3243 2662 3313 Dei
2701 3242 2973 3334 gratiam
3014 3267 3110 3315 ar-

858 3357 1306 3450 chiepiscopus
1333 3356 1783 3440 Bituricensi&
1804 3355 1991 3426 dictis
2017 3359 2261 3427 decano
2278 3371 2343 3427 et
2366 3358 2645 3447 capitulo
2664 3358 2745 3427 de
2767 3359 2935 3428 lacto
2962 3379 3113 3429 con·

859 3474 1117 3556 tulerat,
1159 3475 1238 3543 de
1294 3474 1481 3562 cujus
1518 3469 1769 3542 decime
1815 3468 2130 3541 fructibus
2169 3483 2297 3540 tam
2337 3469 2531 3541 iidem
2568 3473 2851 3542 decanus
2902 3487 2974 3543 et
3011 3494 3112 3543 ca-

866 3584 1138 3678 pitulum
1205 3607 1395 3675 quam
1441 3582 1791 3675 episcopus
1833 3585 1998 3653 ultra
2053 3597 2294 3654 sortem
2339 3585 2538 3653 multa
2592 3598 3001 3675 receperant,
3046 3596 3114 3653 ut

865 3698 1160 3770 dicebant
1213 3723 1233 3783 3
1266 3701 1524 3769 tandem
1562 3699 1704 3768 Odo
1747 3699 1826 3768 de
1867 3698 2183 3788 Rupibus,
2227 3696 2441 3780 miles,
2489 3700 2830 3769 conlessus
2862 3712 2969 3769 est
3009 3720 3114 3769 co·

863 3835 999 3883 ram
1029 3814 1221 3882 nobis
1270 3812 1506 3882 dictam
1569 3813 1890 3882 decimam
1947 3832 2063 3902 pro
2123 3833 2195 3881 se
2258 3824 2323 3882 et
2379 3833 2493 3902 pro
2550 3811 2940 3883 necessitate
2993 3833 3110 3882 sua

868 3925 1151 3997 extitisse
1179 3924 1445 4017 pignore
1480 3924 1851 4016 obligatam,
1895 3938 1959 3995 et
2009 3947 2123 4016 pro
2152 3929 2293 4016 ejus
2325 3925 2792 4016 redemptione,
2828 3928 3116 3997 median-

867 4039 1039 4110 tibus
1080 4042 1322 4130 presato
1381 4038 1645 4110 domino
1685 4038 2176 4131 archiepiscopo
2207 4038 2592 4110 Bituricensi
2643 4054 2708 4110 et
2744 4039 2885 4110 aliis
2929 4039 3113 4111 bonis

869 4153 1044 4235 viriS,
1113 4152 1516 4245 septuaginta
1567 4166 1841 4243 quatuor
1877 4167 2140 4243 arpenta
2193 4166 2258 4224 et
2305 4152 2569 4224 dimidio
2609 4167 2779 4225 terre
2832 4176 2949 4225 sue
2988 4177 3113 4223 ara·

870 4265 1043 4349 bilis,
1079 4263 1140 4334 in
1187 4264 1523 4356 parrochia
1576 4268 1654 4334 de
1697 4266 1988 4355 Gydyaco
2039 4262 2181 4347 site,
2229 4288 2419 4356 quam
2472 4288 2508 4336 a
2557 4264 2793 4336 dilecto
2841 4280 2905 4336 et
2945 4265 3110 4336 fideli

870 4395 1091 4450 nostro
1128 4383 1418 4451 Jobann'e
1459 4382 1537 4451 de
1565 4382 1913 4470 Magduno,
1944 4379 2169 4462 milite,
2204 4382 2465 4450 tenebat
2505 4378 2569 4449 in
2603 4382 2889 4463 feodum,
2925 4402 3107 4470 quam

871 4493 1064 4564 etiam
1103 4494 1273 4564 idem
1314 4497 1643 4564 lohannes
1678 4491 1983 4563 leodilem
2022 4496 2294 4564 habebat
2332 4516 2366 4563 a
2406 4493 2618 4578 nobis,
2651 4492 2840 4563 dictis
2868 4495 3109 4564 decano

874 4620 938 4677 et
977 4607 1254 4697 capitulo
1293 4606 1493 4691 dedit,
1530 4605 1790 4676 tradidit
1814 4619 1879 4677 et
1903 4606 2170 4696 quitavit
2196 4610 2265 4676 in
2288 4619 2668 4697 perpetuum
2694 4606 3106 4698 possidenda,

873 4722 997 4791 fide
1061 4723 1139 4790 ab
1185 4718 1325 4811 ipso
1387 4722 1452 4789 in
1493 4744 1685 4790 manu
1754 4731 1972 4791 nostra
2034 4717 2296 4812 prestita
2359 4722 2674 4813 corporali
2733 4718 3108 4812 promittens
