3485 5571
1400 662 1641 727 —293
1691 697 1762 709 —

451 808 653 884 atque
679 790 1094 885 precipimus,
1124 806 1443 882 quatenus
1486 789 1655 862 circa
1690 793 1990 863 homines
2030 793 2109 861 de
2150 788 2425 861 baillivia
2466 803 2704 875 vestra,

454 930 629 997 quos
697 904 1051 999 predictum
1118 904 1466 998 capitulum
1523 907 1603 977 de
1660 903 1964 976 servitute
2017 907 2282 997 impetet
2350 905 2707 975 secundum

458 1024 737 1093 sormam
777 1019 1128 1113 prescripte
1168 1019 1613 1092 concessionis
1651 1043 1843 1111 quam
1877 1019 2048 1091 dicto
2088 1019 2369 1111 capitulo
2405 1019 2707 1102 fecimus,

459 1134 848 1208 auctoritate
864 1149 1078 1207 nostra
1101 1134 1166 1205 in
1194 1150 1402 1207 vestra
1434 1133 1713 1207 baillivia
1736 1132 2121 1226 procedatis.
2147 1139 2373 1205 Actum
2402 1132 2706 1216 ParisiuS,

459 1252 908 1322 annoDomini
935 1250 1276 1321 millesimo
1307 1251 1405 1321 CC
1434 1248 1744 1321 vicesimo
1774 1262 2025 1341 quarto,
2058 1271 2281 1321 mense
2298 1249 2708 1341 septembris.

1478 1631 1652 1693 CClll

1293 1912 1678 1994 Septembre
1735 1909 1893 1974 4224

576 2166 766 2224 Lettre
791 2165 861 2224 de
884 2165 1309 2241 non-preindice
1340 2165 1417 2223 du
1445 2166 1694 2240 chapitre
1722 2167 1793 2223 de
1820 2165 2013 2224 Salute
2039 2164 2222 2234 Croix,
2254 2164 2479 2223 relative
2507 2166 2539 2222 a
2565 2163 2621 2223 la

1282 2263 1473 2320 charte
1519 2264 1874 2337 precedente.

966 2410 1150 2483 (Orig.
1184 2427 1230 2468 s.
1263 2411 1455 2483 parcb.
1491 2413 1663 2468 Arch.
1696 2411 1826 2469 Nat.
1856 2412 1911 2471 J.
1937 2410 2080 2468 170:
2111 2413 2205 2481 12)

656 2531 822 2602 (Pub.
844 2533 1059 2599 Teulet,
1091 2533 1344 2605 Layettes
1373 2532 1453 2587 du
1483 2532 1688 2588 Treaor
1719 2533 1817 2589 des
1845 2533 2093 2602 chartea,
2126 2539 2164 2589 t.
2198 2534 2271 2603 11,
2302 2552 2358 2608 p.
2386 2535 2535 2606 139).

560 2777 926 2871 L[ebertus]
969 2777 1254 2848 decanus
1313 2790 1379 2846 et
1415 2773 1784 2847 universum
1846 2776 2304 2848 Aurelianense
2364 2775 2714 2869 capitulum

465 2889 791 2961 universis
833 2903 1168 2981 presentes
1219 2888 1461 2961 litteras
1501 2888 1896 2980 inspecturis
1957 2892 2229 2961 salutem
2284 2888 2346 2960 in
2410 2890 2710 2961 Domino.

461 3005 773 3077 Noverint
813 3002 1092 3076 universi
1141 3004 1312 3094 quod
1370 3026 1490 3074 nos
1544 3005 1621 3074 ad
1680 3003 2212 3094 consequentiam
2270 3003 2334 3075 in
2386 3018 2712 3096 posterum

462 3121 723 3190 trahere
759 3141 885 3189 non
917 3117 1267 3210 poterimus
1306 3119 1576 3208 gratiam
1605 3139 1796 3207 quam
1841 3119 2144 3188 dominus
2185 3133 2405 3189 noster
2443 3118 2715 3189 Ludovi-

459 3256 613 3314 cus,
645 3230 762 3303 Dei
796 3231 996 3323 gratia
1035 3236 1419 3303 Francorum
1464 3254 1592 3317 rex,
1637 3231 1827 3302 nobis
1877 3233 2028 3303 fecit
2068 3255 2262 3324 super
2299 3255 2376 3304 eo
2417 3229 2715 3306 videlicet

461 3349 638 3438 quod
675 3344 863 3417 nobis
924 3343 1274 3427 concessit,
1339 3347 1418 3416 ad
1473 3348 1835 3437 exemplum
1886 3345 2315 3436 progenitoris
2357 3344 2456 3417 sui
2497 3345 2716 3419 inclite

460 3458 937 3532 recordationis
977 3459 1279 3550 Philippi,
1329 3461 1650 3550 quondam
1684 3463 2070 3530 Francorum
2110 3459 2282 3552 regis
2318 3459 2611 3544 illustris,
2649 3476 2716 3532 nt

460 3598 690 3648 servos
718 3589 976 3647 nostros
997 3589 1062 3646 et
1097 3577 1366 3645 ancillas
1396 3588 1674 3656 nostras,
1717 3587 1889 3645 extra
1932 3588 2167 3646 terram
2227 3588 2511 3648 nostram
2539 3600 2716 3648 com-

461 3703 822 3773 moranteS,
865 3690 1256 3779 ubicumque
1287 3686 1528 3758 inventi
1558 3687 1815 3766 luerint,
1842 3687 2222 3759 auctoritate
2248 3711 2364 3760 sua
2393 3703 2457 3761 et
2497 3705 2715 3762 nostra

462 3801 1021 3886 manumittamuS,
1060 3802 1168 3872 tali
1209 3803 1402 3873 modo
1426 3801 1624 3890 quod,
1669 3799 1722 3871 si
1764 3805 1844 3872 de
1871 3802 2188 3878 servitute,
2208 3806 2577 3874 eorumdem
2610 3808 2717 3875 bo-

463 3916 714 3988 minum
743 3916 1043 3987 internos
1069 3929 1133 3986 et
1161 3917 1342 4007 ipsos
1366 3937 1530 4005 quos
1568 3917 1648 3985 de
1678 3915 1987 3986 servitute
2026 3915 2445 4008 impetremus
2474 3915 2714 3989 oriatur

465 4029 826 4116 contentio,
858 4053 969 4122 per
999 4033 1432 4120 juramentum
1466 4028 1896 4121 legitimorum
1924 4028 2283 4114 bominum,
2313 4030 2453 4102 sine
2470 4033 2708 4119 duello,

466 4163 584 4213 eos
623 4163 847 4212 servos
886 4144 1317 4233 approbemus
1354 4153 1420 4211 et
1456 4138 2010 4211 manumittantur.
2056 4137 2119 4211 Si
2148 4154 2362 4212 autem
2402 4143 2573 4213 idem
2602 4146 2713 4213 bo-

470 4254 679 4325 mines
715 4255 1036 4325 noluerint
1075 4251 1466 4337 manumitti,
1509 4275 1624 4344 pro
1671 4257 1864 4325 modo
1888 4257 2262 4325 facultatum
2299 4277 2558 4327 suarum
2599 4261 2715 4328 tal-

469 4367 726 4440 lientur.
771 4373 997 4440 Actum
1054 4391 1223 4438 anno
1283 4367 1537 4439 Domini
1607 4371 1762 4439 MCC
1828 4370 2141 4441 vicesimo
2171 4384 2423 4460 quarto,
2489 4394 2713 4443 mense

469 4483 844 4572 septembri.
