3485 5571
1759 652 2117 715 -438—

801 784 1091 873 ejusdem
1132 783 1364 852 domus
1420 803 1497 854 ac
1556 779 1760 852 eciam
1826 779 2041 852 omnia
2096 779 2397 853 utensilia
2462 786 2528 852 in
2590 784 2820 854 eadem
2875 785 3072 854 domo

800 894 1160 980 existentia,
1205 896 1526 967 moventia
1581 896 1664 986 (⁴2)
1718 917 1794 965 ex
1835 908 2012 985 parte
2051 893 2207 965 dicti
2249 895 2590 987 Radulpbi,
2648 896 2771 966 sita
2813 897 3069 969 Aurelie

799 1033 998 1102 prope
1049 1008 1435 1081 cimiterium
1470 1012 1702 1080 Sancte
1763 1008 2012 1092 Crucis,
2054 1008 2351 1083 videlicet
2389 1013 2457 1079 in
2506 1013 2647 1080 vico
2704 1010 3065 1101 SerpentiS,

789 1126 966 1217 juxta
1004 1126 1266 1195 domum
1336 1121 1617 1194 defuncti
1678 1122 1937 1194 Roberti
1998 1125 2077 1194 de
2141 1122 2392 1202 Bordis,
2449 1146 2524 1195 ex
2560 1147 2686 1195 una
2736 1138 2939 1216 parte,
3003 1139 3071 1195 et

797 1242 1059 1311 domum
1099 1237 1381 1309 defuncti
1425 1239 1595 1308 Petri
1638 1235 1816 1311 Paris
1872 1240 1959 1331 (l)
1997 1260 2072 1311 ex
2125 1239 2346 1323 altera,
2411 1236 2475 1308 in
2531 1237 2790 1310 censiva
2836 1238 3058 1310 Sancti

797 1351 956 1424 Aviti
1007 1351 1508 1436 AurelianensiS‚
1542 1353 1969 1423 vendiderunt
2005 1351 2475 1423 venerabilibus
2508 1354 2661 1425 viris
2700 1355 2947 1424 decano
3000 1367 3067 1424 et

797 1468 1078 1559 capitulo
1130 1464 1700 1539 Aurelianensibus
1754 1479 1818 1539 et
1857 1464 2262 1541 vendicionis
2301 1465 2564 1543 nomine
2622 1465 3066 1557 quittaverunt

796 1582 860 1652 iu
891 1594 1271 1673 perpetuum
1310 1593 1375 1651 et
1408 1580 1599 1650 etiam
1639 1594 2113 1652 concesserunt
2150 1583 2328 1671 quite
2365 1595 2432 1651 et
2475 1580 2676 1652 libere
2715 1580 3061 1672 possiden-

794 1698 938 1767 dam
988 1697 1065 1766 ad
1129 1697 1353 1766 decem
1396 1707 1644 1784 septem
1706 1696 2007 1765 denarios
2069 1710 2131 1765 et
2191 1697 2451 1765 obolum
2503 1698 2868 1778 censuales,
2915 1697 3059 1786 juS‚

793 1807 1179 1890 dominium,
1222 1808 1678 1900 proprietatem
1716 1821 1783 1881 et
1831 1822 2029 1883 totam
2075 1810 2559 1899 possessionem
2606 1806 2778 1880 dicte
2823 1810 3060 1880 domus

791 1938 855 1995 et
893 1922 1181 1994 omnium
1212 1921 1757 2013 pertinenciarum
1787 1921 1991 2013 ipsius
2031 1921 2094 1992 in
2124 1925 2390 1994 eosdem
2431 1925 2748 1994 decanum
2778 1938 2841 1994 et
2876 1927 3055 2016 capi-

794 2042 996 2109 tulum
1056 2035 1335 2109 totaliter
1398 2038 1881 2119 transferendo,
1918 2049 1981 2107 et
2021 2033 2220 2106 nichil
2250 2035 2371 2107 sibi
2414 2038 2478 2106 in
2512 2035 2761 2108 eisdem
2799 2034 3056 2127 aliquo-

792 2151 1006 2222 minus
1068 2151 1435 2234 retinendo,
1508 2172 1707 2236 seque
1768 2150 1946 2240 ipsos
2002 2152 2082 2220 de
2147 2150 2316 2221 dicta
2372 2152 2564 2221 domo
2623 2165 2688 2221 et
2744 2151 3048 2222 omnibus

794 2263 1195 2357 pertinentiis
1243 2266 1450 2355 ipsius
1481 2262 1869 2334 desesiendo
1910 2286 2124 2334 coram
2179 2263 2391 2346 nobis,
2433 2279 2502 2335 et
2537 2266 2803 2335 eosdem
2861 2267 3050 2335 deca·

791 2401 943 2448 num
986 2390 1051 2448 et
1089 2376 1437 2468 capitulum
1468 2378 1548 2447 de
1586 2379 1838 2448 eisdem
1880 2379 2179 2467 ponendo
2207 2375 2271 2447 in
2302 2376 2783 2468 possessionem
2824 2401 3049 2469 corpo·

790 2494 985 2562 ralem
1028 2514 1143 2581 per
1183 2488 1602 2561 tradicionem
1644 2489 2043 2581 presentium
2103 2490 2483 2578 litterarum,
2541 2489 2759 2582 precio
2822 2491 3039 2582 viginti

789 2617 1061 2696 quatuor
1120 2602 1420 2673 librarum
1482 2602 1900 2693 parisiorum¹
1943 2605 2022 2674 de
2057 2602 2293 2694 quibus
2356 2627 2430 2675 se
2494 2618 2844 2677 tenuerunt
2889 2603 3035 2675 dicti

790 2719 1159 2810 Radulphus
1198 2718 1345 2810 (sic)
1383 2738 1601 2789 coram
1638 2716 1829 2788 nobis
1889 2717 2138 2808 integre
2194 2739 2306 2809 pro
2360 2716 2606 2809 pagatis
2651 2716 2714 2788 in
2775 2716 3038 2809 pecunia

789 2847 1143 2906 numerata.
1181 2831 1659 2904 Renunciantes
1696 2847 1869 2902 etc...
1915 2832 2356 2906 promiserunt
2394 2843 2569 2904 etc...
2615 2835 2687 2903 ln
2726 2835 2912 2923 cujus
2950 2829 3033 2904 rei

789 2946 1227 3019 testimonium
1263 2958 1599 3038 presentes
1637 2946 1883 3018 litteras
1923 2945 2132 3037 sigillo
2165 2945 2641 3018 Aurelianensis
2681 2946 2858 3019 curie
2897 2945 3032 3018 seci-

790 3085 934 3132 mus
962 3061 1246 3152 sigillari.
1297 3065 1525 3132 Datum
1558 3084 1726 3133 anno
1754 3063 2013 3132 Domini
2043 3060 2389 3132 millesimo
2416 3059 2863 3134 ducentesimo
2896 3064 3030 3132 Lxx

788 3192 1013 3268 quarto
1041 3178 1518 3270 (dccliii-ure)...
1565 3174 1732 3245 beati
1775 3175 2148 3245 Clementis.

2223 3295 2608 3362 Garamans
2648 3295 2857 3362 Ducis.

862 4590 879 4624 ¹
918 4589 1190 4644 Nouvelle
1244 4603 1472 4660 preuve,
1530 4590 1692 4660 apres
1747 4593 1866 4642 tant
1925 4586 2184 4656 d’autreS‚
2239 4587 2375 4659 qu'il
2432 4587 2550 4645 saut
2603 4585 3020 4642 sous-entendre

791 4677 1191 4733 denariorum.
