3485 5571
1730 650 2089 718 —510—

783 791 849 852 et
869 779 1174 852 renoinca
1212 802 1247 852 3
1281 802 1356 852 ce
1384 802 1510 871 que
1558 782 1600 851 il
1654 803 1735 852 ne
1784 780 1952 873 poist
1987 785 2199 872 james
2236 779 2374 852 dire
2403 802 2529 870 que
2560 778 2750 851 {adite
2787 802 3036 853 somme

784 897 863 966 de
903 896 1161 966 deniers
1200 917 1281 965 ne
1305 894 1347 964 li
1375 909 1521 966 eust
1554 898 1692 966 este
1715 899 2049 978 nombree‚
2083 895 2311 966 baillee
2331 907 2396 965 et
2434 894 2653 980 livree‚
2678 907 2743 965 et
2768 893 3035 985 promist

782 1013 841 1080 le
882 1007 974 1079 dit
1012 1008 1214 1081 Robin
1256 1031 1380 1101 que
1420 1008 1461 1079 i!
1501 1032 1621 1079 aux
1654 1008 1753 1078 diz
1795 1011 1957 1080 dean
1989 1018 2054 1080 et
2093 1010 2424 1101 chapistre
2472 1022 2533 1079 et
2565 1031 2599 1078 3
2643 1010 2738 1080 lor
2766 1031 3036 1079 succes-

785 1146 970 1195 seurs
995 1138 1059 1194 et
1098 1146 1134 1193 3
1169 1146 1323 1195 ceus
1363 1126 1472 1215 qui
1511 1137 1745 1195 auront
1779 1144 1974 1195 cause
2004 1126 2189 1193 d’aux
2236 1126 2295 1194 le
2327 1125 2420 1193 dit
2470 1125 2550 1194 fle
2595 1125 2676 1194 de
2715 1126 2770 1193 13
2803 1137 3027 1213 quarte

783 1236 983 1329 partie
1016 1239 1094 1308 de
1134 1240 1191 1307 la
1231 1237 1363 1307 dite
1402 1237 1610 1309 disme
1634 1239 1714 1308 de
1747 1240 2041 1310 Chaudre
2072 1237 2407 1320 delivrera‚
2443 1236 2762 1328 garentira
2801 1251 2867 1307 et
2896 1239 3027 1307 def·

780 1352 1003 1422 sendra
1039 1365 1184 1422 touz
1217 1354 1354 1442 Jorz
1395 1374 1532 1423 mes
1573 1374 1715 1422 verz
1753 1367 1899 1422 touz
1932 1365 1996 1423 et
2031 1366 2254 1423 contre
2284 1365 2431 1421 touz
2469 1374 2587 1441 por
2621 1349 2737 1433 lui,
2778 1373 2893 1442 por
2928 1373 3035 1421 ses

784 1464 987 1549 boirS,
1029 1488 1110 1537 en
1152 1464 1565 1552 rnainmorte,
1591 1468 1671 1537 de
1709 1468 2248 1563 empeschemenz
2280 1465 2387 1559 qui
2433 1468 2514 1537 de
2553 1464 2638 1539 lui
2674 1487 2754 1536 ne
2800 1469 2880 1536 de
2921 1487 3030 1536 ses

781 1577 958 1648 hoirs
998 1601 1080 1649 ne
1120 1582 1199 1650 de
1248 1601 1404 1651 ceus
1448 1580 1557 1671 qui
1593 1594 1826 1650 auront
1864 1602 2057 1652 cause
2103 1583 2184 1653 de
2224 1581 2315 1649 lui
2360 1579 2378 1648 i
2421 1578 2747 1670 portoient
2787 1582 3034 1651 movoir

781 1715 866 1764 ne
905 1696 1155 1776 sordre,
1192 1708 1256 1765 et
1294 1716 1419 1786 que
1458 1717 1529 1766 se
1569 1697 1663 1766 les
1690 1693 1790 1763 diz
1820 1697 1983 1766 dean
2032 1718 2113 1765 ou
2152 1695 2476 1786 chapistre
2516 1717 2599 1765 ou
2640 1696 2737 1764 lor
2772 1716 3035 1765 succes-

784 1829 967 1878 seurs
997 1830 1079 1877 ou
1108 1830 1264 1878 ceus
1298 1806 1405 1898 qui
1443 1807 1736 1881 auroient
1776 1831 1970 1880 cause
2000 1812 2185 1880 d'aux
2209 1833 2291 1880 ou
2326 1812 2424 1878 lor
2457 1821 2830 1900 procurator
2853 1830 2937 1878 ou
2977 1810 3034 1879 13

779 1935 1041 2013 porteor
1080 1924 1160 1993 de
1199 1944 1311 2021 ces
1350 1925 1544 1994 letres
1582 1924 1867 2008 avoient,
1919 1921 2198 2001 fesoient
2230 1946 2315 1995 ou
2368 1920 2815 1994 soustenoient
2845 1945 3027 2006 couz‚

780 2034 1004 2118 miseS‚
1042 2037 1347 2135 despens,
1373 2039 1750 2129 dommages
1780 2060 1863 2109 ou
1905 2037 2162 2128 deperiz
2201 2060 2313 2129 par
2349 2039 2603 2109 defaute
2644 2039 2725 2108 de
2784 2038 3028 2128 garenti

780 2171 865 2221 ou
904 2150 986 2221 de
1019 2149 1406 2236 delivrance,
1440 2153 1498 2222 13
1538 2150 1627 2220 dit
1667 2150 1870 2222 Robin
1912 2153 2188 2243 promist
2223 2174 2349 2242 que
2388 2150 2429 2220 il
2484 2153 2579 2227 les
2609 2153 2706 2221 lor
2752 2149 3034 2221 rendroit

780 2278 846 2335 et
891 2286 971 2335 en
1011 2266 1252 2335 creroit
1286 2266 1346 2336 13
1391 2279 1764 2356 procurator
1823 2288 1945 2336 aux
1991 2265 2091 2335 diz
2153 2268 2317 2337 dean
2378 2279 2445 2336 et
2496 2263 2817 2357 chapistre
2857 2288 2940 2335 ou
2976 2267 3034 2335 13

782 2391 1042 2468 porteor
1081 2381 1161 2449 de
1201 2401 1312 2450 ces
1351 2381 1545 2450 letres
1598 2382 1883 2451 chascun
1923 2378 2178 2451 endroit
2213 2381 2312 2451 soi
2372 2402 2484 2472 par
2516 2402 2634 2450 son
2676 2378 2907 2472 simple
2932 2402 3032 2450 se-

782 2504 1032 2569 rement
1078 2515 1232 2562 senz
1270 2506 1450 2564 autre
1490 2515 1680 2584 preve
1728 2514 1985 2584 querre.
2019 2498 2096 2565 Et
2125 2507 2323 2585 quant
2351 2517 2387 2564 3
2424 2516 2536 2565 ces
2574 2496 2808 2565 choses
2838 2492 3025 2576 tenir,

789 2600 1045 2689 garder,
1085 2602 1220 2671 tere
1265 2611 1329 2670 et
1381 2598 1692 2691 acomplir
1733 2603 2119 2672 termement
2171 2622 2325 2672 senz
2361 2603 2544 2672 venir
2579 2613 2889 2673 encontre
2927 2622 3034 2692 par

786 2735 996 2783 aucun
1029 2712 1198 2783 droit
1223 2736 1304 2785 ne
1335 2736 1446 2806 par
1475 2736 1727 2785 aucune
1759 2728 1941 2787 autre
1982 2737 2176 2788 cause
2208 2737 2290 2788 ou
2333 2737 2523 2787 reson
2565 2712 2954 2785 ledit-Robin
2998 2736 3031 2784 3

789 2825 1003 2918 oblige
1033 2850 1151 2896 aux
1179 2825 1279 2897 diz
1310 2831 1473 2899 dean
1500 2841 1564 2900 et
1603 2815 1932 2921 chapistre
1971 2844 2037 2901 et
2061 2852 2095 2900 a
2125 2832 2225 2902 lor
2257 2851 2686 2908 successeurs
2727 2842 2791 2901 et
2821 2851 2856 2899 3
2881 2851 3033 2900 ceus

785 2943 897 3031 qui
928 2927 1160 3012 auront
1200 2964 1395 3014 cause
1440 2945 1625 3014 d'aux
1663 2957 1728 3015 et
1767 2942 2047 3016 souzmis
2099 2966 2134 3016 3
2191 2946 2248 3014 13
2279 2944 2625 3035 juridicion
2675 2946 2756 3015 de
2806 2945 2866 3015 la
2898 2965 3031 3035 pre-

782 3057 961 3126 voste
998 3053 1323 3127 d'Orliens
1374 3055 1500 3141 soi,
1541 3079 1649 3128 ses
1689 3055 1866 3127 hoirs
1902 3071 1968 3129 et
2012 3070 2159 3129 touz
2185 3080 2292 3128 ses
2324 3057 2508 3128 biens
2542 3058 2870 3142 ‚muebles,
2905 3079 3026 3127 non

784 3171 1103 3253 muebleS‚
1160 3192 1429 3262 presenz
1479 3193 1561 3241 ou
1615 3193 1651 3242 a
1696 3169 1901 3253 venir,
1948 3194 2030 3244 ou
2075 3194 2201 3263 que
2257 3174 2303 3242 il
2353 3171 2586 3262 soient.
2627 3175 2699 3242 Et
2753 3192 3030 3243 renonca

780 3296 978 3373 quant
1021 3305 1056 3354 a
1110 3305 1221 3354 ces
1260 3287 1495 3356 choses
1533 3306 1569 3355 3
1627 3299 1838 3357 tontes
1877 3307 2100 3376 graces
2139 3298 2205 3356 et
2252 3308 2287 3355 3
2321 3299 2467 3356 touz
2529 3285 2910 3382 privetieges
2947 3287 3022 3354 de

779 3395 949 3468 croiz
975 3398 1148 3488 prise
1180 3411 1243 3468 et
1269 3420 1305 3468 3
1348 3400 1652 3490 prendre,
1694 3421 1730 3470 3
1767 3397 2150 3490 l’exception
2182 3401 2261 3470 de
2291 3399 2618 3486 tricherie‚
2654 3401 2733 3470 de
2772 3383 2903 3469 rnal
2951 3421 3028 3470 en

779 3511 993 3583 action
1034 3525 1098 3583 et
1132 3534 1213 3583 en
1253 3516 1372 3596 tet,
1404 3534 1439 3584 3
1470 3526 1648 3584 toute
1680 3514 2044 3585 decevance
2072 3529 2138 3584 et
2175 3535 2382 3598 error,
2435 3537 2471 3584 3
2509 3527 2687 3585 toute
2718 3515 2924 3585 lesion
2971 3527 3032 3585 et

781 3624 1303 3709 circonvencion,
1360 3649 1396 3697 3
1454 3640 1593 3697 tout
1645 3629 1937 3699 benefice
2015 3629 2096 3698 de
2160 3626 2541 3714 restitucion
2604 3650 2685 3699 en
2752 3629 3028 3712 enterin,

780 3761 815 3808 3
855 3752 1030 3810 toute
1068 3740 1212 3811 aide
1249 3743 1328 3811 de
1368 3739 1539 3812 droit
1590 3743 1669 3812 de
1705 3764 1913 3812 canon
1954 3744 2130 3812 etde
2164 3740 2273 3824 lai,
2307 3758 2373 3813 et
2418 3765 2454 3812 3
2499 3759 2645 3816 touz
2702 3765 2804 3829 us,
2847 3765 3032 3813 cous-

785 3866 1023 3936 tumes,
1067 3853 1599 3926 establissemenz
1638 3857 1717 3926 de
1769 3854 1905 3947 pais
1957 3869 2023 3926 et
2061 3857 2141 3926 de
2194 3857 2323 3940 len,
2364 3879 2399 3926 3
2439 3869 2576 3928 tout
2630 3855 2796 3926 droit
2825 3858 3032 3927 disent

789 3989 916 4057 que
956 3966 1415 4039 renunciacion
1456 3971 1714 4060 general
1757 3991 1838 4040 ne
1892 3970 2041 4046 doie
2099 3968 2298 4042 valoir
2329 3992 2401 4041 se
2439 3968 2762 4062 l'especial
2790 3994 2872 4042 ne
2909 3968 3032 4041 voit

781 4083 1034 4165 devant,
1069 4096 1132 4153 et
1151 4105 1188 4154 3
1219 4095 1432 4154 toutes
1462 4096 1680 4154 autres
1706 4082 2116 4177 excepcions‚
2141 4083 2558 4176 allegacions,
2593 4083 3027 4173 cavillacions,

792 4196 1115 4267 deffenses
1144 4208 1211 4267 et
1245 4197 1425 4269 aides
1460 4199 1539 4268 de
1573 4201 1662 4268 tet
1686 4210 1752 4268 et
1788 4200 1869 4267 de
1895 4195 2065 4270 droit
2094 4196 2200 4289 qui
2227 4198 2519 4290 poissent
2546 4211 2720 4271 estre
2748 4198 2916 4271 dites
2954 4222 3032 4272 ne

783 4308 1047 4381 obicees
1081 4325 1304 4382 contre
1343 4334 1455 4382 ces
1481 4314 1702 4383 letres.
1758 4314 1836 4381 Et
1873 4333 1954 4383 en
1995 4311 2319 4403 tesmoing
2344 4314 2425 4384 de
2463 4335 2538 4384 ce
2569 4336 2713 4395 nos,
2768 4336 2805 4385 a
2842 4316 2902 4385 la
2938 4335 3033 4384 re-

782 4438 1008 4515 queste
1073 4426 1189 4495 des
1266 4423 1432 4496 dites
1486 4424 1750 4517 parties,
1800 4447 1920 4498 nos
1982 4448 2183 4498 avons
2241 4428 2414 4498 seete
2481 4450 2592 4499 ces
2647 4430 2840 4500 letres
2905 4430 3027 4499 dou

783 4560 936 4609 scau
979 4539 1058 4608 de
1099 4540 1157 4609 13
1200 4542 1496 4630 prevoste
1535 4538 1886 4610 d'Orliens.
1944 4541 2029 4611 Ce
2074 4543 2167 4609 sut
2205 4541 2293 4611 tet
2326 4542 2453 4612 l'an
2493 4545 2573 4613 de
2615 4545 2842 4613 Nostre
2889 4541 3021 4614 Sei-

784 4674 988 4746 guneur
1024 4655 1353 4724 11661111)α
1381 4653 1678 4740 diseoict‚
1720 4655 1781 4727 13
1821 4655 2219 4730 dicmenche
2258 4657 2490 4734 devant
2515 4658 2572 4726 13
2598 4658 3007 4757 magdeleine.
