3485 5571
1428 694 1785 757 —211—

1482 1074 1729 1137 CXXIX

1321 1374 1714 1453 Septembre
1732 1372 1882 1437 1201
1930 1359 1938 1368 ’

482 1625 738 1695 Ungues,
787 1624 998 1697 eveque
1026 1625 1340 1694 d'Orleans,
1373 1625 1572 1681 choisit
1618 1626 1700 1682 les
1724 1642 1966 1683 revenus
2013 1625 2083 1681 de
2112 1626 2230 1681 Bou
2261 1631 2316 1681 et
2356 1625 2434 1681 du
2487 1626 2726 1697 Trepoy‚

552 1720 792 1776 laissant
819 1737 892 1776 au
923 1721 1173 1793 chapitre
1202 1736 1349 1793 pour
1373 1721 1793 1777 l’anniversaire
1822 1722 1890 1777 de
1916 1737 2019 1778 son
2049 1722 2453 1794 predecesseur
2481 1721 2535 1776 la
2556 1721 2732 1791 J'ouis·

551 1832 725 1872 sance
753 1816 823 1872 de
845 1815 917 1872 20
946 1817 1112 1873 livres
1140 1833 1241 1873 sur
1268 1818 1353 1873 les
1382 1816 1574 1873 obolos
1604 1817 1672 1872 de
1700 1819 2022 1873 Pentecote.

622 1963 799 2036 (Orig.
831 1981 877 2021 s,
911 1967 1103 2037 purch.
1135 1965 1309 2020 Arch.
1343 1964 1419 2020 du
1446 1964 1655 2036 Loiret,
1683 1965 1751 2023 G.
1783 1964 1929 2034 385;
1961 1965 2213 2022 mention
2240 1964 2582 2040 Scriptum).

576 2185 785 2273 lingo,
818 2180 935 2253 Dei
968 2180 1167 2274 gratia
1207 2180 1684 2255 Aurelianensis
1723 2181 2097 2274 episcopua,
2136 2180 2439 2254 omnibus
2470 2201 2735 2273 presen-

484 2309 615 2368 tem
658 2300 959 2387 paginam
1001 2296 1368 2368 videntibus
1409 2299 1677 2368 salutem
1716 2299 1785 2366 in
1839 2295 2140 2368 Domino.
2186 2299 2341 2366 Cum
2384 2293 2485 2388 pie
2524 2317 2737 2366 recor-

481 2412 763 2485 dationis
795 2413 1178 2484 venerabilis
1218 2428 1398 2505 pater
1446 2437 1519 2486 ac
1562 2417 1842 2485 domnus
1883 2412 2219 2498 HenricuS‚
2262 2411 2735 2483 Aurelianensis

480 2529 854 2621 episcopus,
884 2528 949 2599 in
975 2531 1328 2601 remedium
1360 2530 1572 2601 anime
1599 2553 1715 2601 sue
1741 2529 2019 2602 ecclesie
2049 2528 2492 2600 Aurelianensi
2526 2532 2629 2600 XX
2657 2529 2736 2597 li-

485 2646 628 2715 bras
674 2640 1125 2735 parisiensium
1156 2642 1618 2730 concessisset,
1661 2641 1850 2713 annis
1876 2641 2150 2733 singulis
2190 2644 2256 2712 in
2292 2643 2732 2713 anniversario

482 2780 601 2830 suo
651 2756 1127 2829 distribuendas
1166 2761 1361 2850 super
1400 2757 1543 2831 illos
1597 2758 1889 2830 redditus
1928 2779 2093 2848 quos
2132 2760 2212 2828 ab
2239 2758 2493 2843 Odone,
2538 2754 2740 2829 milite

482 2877 559 2945 de
586 2879 838 2966 Ruppe‚
879 2887 944 2945 et
976 2877 1183 2958 Petro,
1229 2873 1431 2945 milite
1477 2876 1556 2944 de
1597 2876 1803 2957 Bullo,
1847 2887 2091 2944 emerat
2137 2873 2305 2963 apud
2358 2875 2635 2955 Bullum,
2675 2891 2739 2943 et

487 3011 687 3080 super
725 3000 925 3059 terras
955 2990 1236 3059 arabiles
1266 3011 1426 3078 quas
1466 2986 1766 3059 similiter
1803 2999 2048 3059 emerat
2085 3010 2119 3057 a
2153 2989 2392 3076 majore
2433 2985 2732 3078 Strepeti,

484 3102 649 3195 ipsis
709 3101 928 3193 viginti
970 3101 1166 3172 libras
1205 3102 1589 3193 assignans;
1642 3125 1761 3173 suo
1801 3115 2015 3172 tamen
2057 3100 2423 3172 successori
2484 3100 2738 3191 reliquit

481 3215 810 3307 optionem
849 3218 1048 3306 quod,
1096 3214 1149 3286 si
1183 3218 1398 3287 mallet
1436 3213 1615 3307 ipsos
1639 3215 1929 3287 redditus
1968 3216 2137 3305 apud
2177 3218 2457 3298 Rullum,
2494 3228 2558 3285 et
2596 3238 2738 3306 pre-

482 3331 689 3401 dictas
728 3343 932 3401 terras
982 3328 1256 3401 arabiles
1296 3332 1555 3418 habere,
1613 3332 1827 3401 eidem
1889 3328 1997 3420 qui
2038 3352 2153 3422 pro
2192 3343 2481 3421 tempore
2519 3352 2740 3402 succe·

484 3447 665 3516 deret
715 3442 937 3516 liceret
965 3443 1272 3535 episcopo
1310 3448 1414 3515 XX
1463 3443 1655 3517 libras
1696 3445 2100 3538 supradictas
2141 3446 2210 3516 in
2254 3444 2536 3516 denariis
2577 3447 2734 3516 obo-

485 3561 692 3629 lorum
723 3561 1141 3629 pentecostes
1168 3556 1607 3628 Aurelianensi
1634 3556 1915 3650 capitulo
1936 3556 2293 3650 assignare.
2331 3562 2461 3630 Nos
2490 3555 2731 3649 itaque,

485 3671 593 3764 qui
627 3684 978 3744 memorato
1007 3674 1179 3742 bone
1200 3674 1511 3743 memorie
1534 3672 1863 3765 H[enrico]
1891 3671 2222 3764 episcopo,
2262 3673 2413 3743 licet
2460 3671 2734 3764 indigni,

487 3786 549 3856 in
619 3784 982 3857 ministerio
1049 3784 1394 3878 pontificali
1460 3785 1930 3871 successimus,
2003 3785 2373 3878 sepedictos
2446 3787 2737 3858 redditus

485 3902 654 3993 apud
734 3902 990 3971 Bullum
1054 3913 1120 3971 et
1173 3913 1374 3972 terras
1460 3904 1629 3993 apud
1692 3906 2061 3994 Strepetum
2139 3904 2414 3974 arabiles
2489 3905 2725 3975 habere

488 4010 947 4104 preeligentes,
1008 4011 1446 4084 Aurelianensi
1513 4013 1791 4085 ecclesie
1851 4018 1955 4085 XX
2023 4014 2221 4086 libras
2298 4014 2364 4085 in
2422 4015 2736 4106 jamdicto

487 4126 926 4198 anniversario
976 4125 1455 4199 distribuendas
1515 4151 1711 4220 super
1763 4128 2060 4200 denarios
2108 4131 2444 4200 obolorum
2505 4129 2615 4221 qui
2670 4131 2734 4200 in

491 4243 868 4313 Pentecoste
898 4242 1233 4311 solvuntur
1256 4240 1750 4333 assignavimuS,
1774 4243 1914 4313 sine
1941 4256 2158 4314 contra
2171 4242 2448 4315 dictione
2484 4258 2549 4315 et
2578 4243 2736 4315 dila-

492 4353 662 4426 tione
698 4356 1031 4426 annuatim
1071 4377 1106 4426 a
1135 4354 1417 4447 capitulo
1457 4354 1885 4448 recipiendas.
1931 4360 2115 4443 Quod
2159 4371 2227 4427 ut
2265 4372 2570 4449 perpetua
2606 4371 2734 4429 sta-

494 4469 730 4539 bilitate
790 4482 1180 4561 perseveret,
1242 4491 1516 4560 presens
1571 4470 1881 4561 scriptum
1946 4470 2148 4542 nostri
2219 4471 2491 4542 fecimus
2544 4471 2735 4563 sigilli

498 4580 847 4654 munimine
887 4584 1196 4655 roborari.
1221 4589 1449 4656 Actum
1487 4607 1657 4657 anno
1687 4587 1888 4677 gratie
1938 4590 1990 4655 M
2022 4586 2469 4657 ducentesimo
2500 4584 2733 4677 primo,

499 4719 719 4771 mense
752 4692 1124 4791 septembri.
