3485 5571
1465 688 1824 752 -213—

1548 1067 1788 1130 CXXX!

1355 1369 1745 1448 Septembre
1768 1367 1923 1431 1201

516 1644 763 1716 Hugues,
794 1643 1006 1717 eveque
1050 1643 1366 1714 d'Orleans,
1397 1645 1585 1700 donne
1635 1645 1669 1700 a
1697 1644 2076 1701 sainte-croix
2133 1645 2166 1700 7
2198 1651 2427 1717 arpents
2481 1646 2553 1701 de
2599 1646 2767 1718 vigne

585 1755 716 1796 avec
745 1740 960 1796 maison
984 1743 1042 1796 et
1070 1739 1317 1812 pressoir
1343 1740 1518 1796 situes
1548 1758 1646 1796 sur
1675 1742 1729 1797 la
1770 1741 1982 1813 grande
2010 1746 2170 1797 route
2194 1742 2228 1796 a
2254 1740 2702 1807 Saint-Mesmin,
2736 1744 2769 1797 a

585 1836 868 1893 condition
909 1835 1077 1909 qu’ils
1104 1843 1296 1893 seront
1324 1836 1541 1905 hames,
1574 1838 1701 1894 leur
1730 1837 1815 1892 vie
1858 1837 2082 1907 durant,
2114 1839 2149 1893 a
2188 1854 2280 1893 ses
2334 1837 2764 1907 petits-neveux,

586 1931 682 2003 qui
724 1948 798 1988 en
829 1932 1084 2004 paieront
1110 1933 1183 1990 20
1205 1949 1336 1989 sous
1364 1933 1435 1989 de
1476 1934 1710 2005 pension
1738 1934 2023 2004 annuelle‚
2048 1932 2200 2021 ‘mais
2230 1935 2549 1990 seulement
2601 1934 2767 2007 apres

585 2043 648 2082 sa
677 2034 852 2085 mort.

693 2172 870 2245 (Ox-ig.
903 2191 951 2229 s.
978 2175 1201 2247 perch„
1230 2174 1402 2232 scelle
1431 2174 1502 2231 de
1529 2175 1644 2231 cire
1673 2179 1827 2232 verte
1849 2191 1950 2232 sur
1977 2176 2093 2231 lacs
2123 2174 2192 2231 de
2224 2175 2346 2231 cuir
2374 2174 2563 2231 blanc.

902 2295 1072 2350 Arch.
1107 2294 1183 2351 du
1224 2295 1430 2368 Loiret,
1458 2296 1526 2353 G.
1557 2294 1702 2366 2633
1746 2296 1996 2352 mention
2034 2294 2373 2368 Scriptum).

599 2513 669 2579 In
703 2509 966 2583 nomine
1016 2523 1241 2583 sancte
1278 2524 1341 2583 et
1381 2510 1707 2584 individue
1746 2510 2101 2583 Trinitatis.
2148 2515 2353 2603 Ilugo,
2397 2511 2513 2583 Dei
2547 2513 2760 2603 gracia

510 2622 984 2697 Aurelianensis
1025 2623 1398 2717 episcopus,
1440 2625 1744 2698 omnibus
1784 2625 1847 2695 in
1890 2638 2294 2717 perpetuum.
2337 2630 2569 2698 Notum
2621 2627 2763 2699 fieri

512 2740 806 2811 volumus
845 2738 1125 2832 presenti
1182 2738 1424 2834 scripto
1489 2743 1662 2832 quod
1720 2741 1837 2813 v11
1898 2753 2161 2832 arpenta
2218 2741 2550 2813 vinearum
2614 2763 2764 2814 cum

511 2856 703 2925 domo
742 2868 807 2926 et
833 2854 1136 2926 torculari
1193 2877 1318 2945 que
1365 2855 1486 2927 sita
1517 2869 1667 2927 sunt
1699 2858 1876 2948 juxta
1912 2867 2175 2927 stratam
2231 2857 2553 2947 publicam
2594 2859 2763 2948 apud

511 2972 816 3040 Sanctum
856 2968 1327 3056 Mauximinum,
1387 2969 1829 3042 Aurelianensi
1874 2968 2253 3041 donavimus
2288 2970 2566 3042 ecclesie
2604 2968 2763 3043 libe-

508 3081 727 3154 raliter
762 3081 827 3153 in
880 3095 1259 3176 perpetuum
1299 3085 1617 3156 habenda.
1676 3088 1911 3156 Verum
1950 3086 2032 3154 ad
2072 3106 2299 3175 preces
2338 3097 2593 3156 nostras
2634 3089 2762 3156 Au-

510 3197 869 3269 relianense
919 3196 1267 3288 capitulum
1308 3200 1572 3269 domum
1620 3196 1795 3269 illam
1858 3220 2007 3269 cum
2073 3196 2375 3269 torculari
2425 3213 2492 3270 et
2556 3198 2764 3271 vineis

508 3312 780 3382 iohanni
820 3325 883 3383 et
908 3316 1217 3395 Manasse,
1250 3311 1572 3398 tratribus,
1616 3310 1764 3383 filiis
1786 3309 2127 3384 karissime
2166 3315 2383 3404 neptis
2429 3335 2574 3384 mee
2604 3316 2766 3384 Eus-

509 3423 718 3497 tachie
745 3427 824 3498 de
855 3425 1174 3510 Nantolio,
1206 3428 1511 3516 quamdiu
1538 3424 1807 3498 vixerint
1833 3423 2185 3510 concessit,
2221 3427 2310 3496 ita
2336 3428 2507 3518 quod
2549 3424 2761 3498 eidem

509 3537 788 3630 capitulo
825 3543 929 3610 XX
981 3539 1225 3611 solidos
1285 3563 1400 3632 pro
1455 3539 1765 3632 pensione
1803 3552 1868 3611 et
1908 3541 2158 3611 decima
2215 3554 2366 3634 post
2418 3541 2761 3612 decessum

508 3666 801 3724 nostrum
857 3654 1082 3745 pretati
1124 3657 1346 3726 tratres
1405 3653 1736 3725 annuatim
1790 3657 2185 3746 persolvent.
2247 3656 2374 3746 Ipsi
2440 3667 2653 3725 tamen
2695 3652 2760 3725 in

510 3779 640 3862 tota
677 3769 803 3839 vita
843 3782 1064 3839 nostra
1102 3771 1181 3839 ab
1207 3766 1450 3840 eisdem
1491 3772 1594 3839 XX
1632 3767 1858 3839 solidis
1897 3767 2177 3841 absoluti
2218 3767 2496 3840 existent
2530 3779 2596 3840 et
2642 3767 2762 3838 im-

511 3902 762 3952 munes.
803 3882 989 3966 Quod
1025 3894 1093 3951 ut
1121 3895 1426 3973 perpetua
1465 3880 1814 3953 stabilitate
1846 3895 2215 3973 perseveret
2255 3902 2526 3973 presens
2557 3879 2759 3973 scrip-

509 4007 643 4065 tum
683 3994 887 4066 nostri
935 3998 1210 4068 fecimus
1243 3995 1435 4088 sigilli
1473 3995 1827 4068 munimine
1866 3995 2180 4069 roborari.
2225 4001 2454 4068 Actum
2494 4019 2664 4068 anno
2704 4001 2755 4068 M

511 4107 954 4181 ducentesimo
993 4110 1223 4203 primo,
1268 4133 1492 4183 mense
1525 4109 1903 4204 septembri.
