3485 5571
1357 708 1423 719 —
1476 669 1715 738 493-

354 793 691 879 uiantes,
762 806 937 869 eto...
997 801 1067 868 In
1109 800 1295 890 cujus
1343 797 1433 872 rei
1487 798 1929 874 testimonium
1978 805 2388 895 presentibus
2427 804 2660 882 litteris

360 906 695 1000 sigillum
756 911 1232 985 Aurelianensis
1285 915 1460 986 curie
1517 913 1814 986 duximus
1873 922 2352 1009 apponendum.
2421 926 2652 995 Datum

358 1045 584 1094 anno
652 1024 908 1096 Domini
962 1028 1117 1098 MCC
1171 1027 1586 1120 nonagesimo
1645 1033 1960 1116 secundo,
2028 1034 2133 1105 die
2219 1033 2440 1107 martis
2507 1053 2654 1130 post

364 1134 612 1221 Quasi
651 1141 869 1210 modo.

1962 1264 2034 1331 G.
2079 1265 2472 1335 Monummm.

1368 1595 1698 1658 CCCLXlV

1287 1871 1371 1931 ν’
1411 1872 1547 1934 mai
1591 1870 1750 1936 1293

366 2097 679 2153 Donation
726 2102 884 2153 entre
939 2097 1045 2153 viss
1091 2115 1163 2154 an
1209 2099 1458 2171 chapitro
1501 2116 1602 2172 par
1643 2101 1857 2158 Robert
1900 2102 1970 2158 de
2013 2102 2280 2174 Froville,
2333 2103 2511 2176 doyen
2580 2105 2650 2162 de

376 2219 395 2225 “
452 2192 756 2266 Char-tres,
784 2194 934 2250 dela
969 2195 1123 2251 dimo
1152 2194 1253 2250 des
1279 2196 1542 2252 animanx
1571 2197 1642 2253 de
1682 2213 1776 2253 ses
1815 2199 2067 2255 maisons
2095 2198 2165 2255 de
2198 2200 2397 2270 Mor-et,
2428 2200 2562 2257 saus
2594 2200 2648 2256 le

452 2290 622 2346 droit
648 2289 718 2346 de
748 2291 968 2363 l'eglise
996 2290 1067 2348 de
1096 2293 1360 2365 Rouvray
1383 2292 1787 2350 &inte-croix.

839 2435 1017 2508 (Or-ig.
1048 2454 1097 2493 s.
1127 2438 1322 2509 par-ch.
1363 2439 1535 2495 Arch.
1568 2438 1645 2495 dn
1683 2439 1896 2511 Loiret,
1945 2441 2012 2497 G.
2055 2440 2207 2511 365).

378 2688 393 2707 ·
472 2653 779 2745 Magister
809 2657 1124 2726 Robertus
1143 2659 1224 2728 de
1245 2656 1535 2741 Frovilla,
1558 2659 1842 2728 decanus
1864 2659 2305 2742 Carnotensis‚
2334 2659 2648 2732 universis

364 2782 731 2861 presentes
752 2769 993 2841 litteras
1015 2769 1407 2862 inspecturis
1428 2773 1700 2843 salutem
1726 2771 1789 2841 in
1821 2771 2121 2844 Domino.
2142 2771 2455 2845 Noveritis
2475 2778 2644 2865 quod

368 2907 535 2972 nos,
569 2882 913 2954 donatione
944 2886 1104 2955 facta
1145 2883 1313 2957 inter
1358 2885 1558 2968 vivos,
1603 2888 1830 2957 damus
1870 2900 1933 2957 et
1973 2885 2394 2958 concedimus
2433 2890 2645 2959 eccle·

371 2997 484 3070 sie
516 3002 754 3070 Sancte
781 2999 1006 3069 Crucis
1034 2998 1510 3070 Aurelianensis
1549 2999 1866 3070 decimam
1897 2999 2270 3070 animalium
2298 3003 2637 3072 domorum

371 3131 754 3187 nostrarum
809 3117 889 3186 de
929 3119 1156 3198 Mores,
1205 3118 1380 3188 salvo
1440 3117 1580 3206 jure
1632 3118 2048 3208 parrochialis
2087 3117 2364 3190 ecclesie
2428 3121 2643 3191 Sancti

371 3231 702 3304 lobannis
735 3233 814 3302 de
849 3234 1163 3322 Rovreyo,
1196 3230 1259 3301 in
1294 3247 1670 3324 perpetuum
1703 3231 2160 3324 possidendam
2196 3247 2340 3326 post
2371 3248 2644 3306 mortem

375 3361 706 3419 nostram.
775 3350 846 3416 ln
908 3348 1093 3435 cujus
1155 3345 1412 3436 signum
1474 3361 1539 3418 et
1605 3348 1936 3418 munimen
2005 3347 2303 3419 dedimus
2358 3348 2645 3440 predicte

375 3460 670 3535 ecclesie
706 3475 1041 3552 presentes
1072 3459 1311 3531 litteras
1334 3462 1553 3552 sigillo
1599 3476 1823 3532 nostro
1857 3461 2113 3553 proprio
2145 3461 2476 3554 sigillatas.
2522 3468 2645 3535 Da-

376 3588 524 3648 tum
558 3599 730 3647 anno
759 3573 1016 3647 Domini
1058 3577 1213 3644 MCC
1233 3574 1654 3666 nonagesimo
1684 3573 1911 3660 tercio,
1952 3575 2057 3647 die
2086 3576 2335 3648 veneris
2377 3579 2444 3647 in
2480 3579 2645 3648 festo

378 3692 831 3783 apostolorum
869 3687 1140 3780 Philippi
1180 3700 1244 3758 et
1282 3691 1526 3761 jacobi.
