3485 5571
1290 667 1643 730 -221—

295 797 396 865 ob
425 793 662 886 ipsius
690 793 895 867 Jovini
943 794 1299 867 remedium
1331 808 1394 868 et
1430 798 1726 867 salutem
1769 798 2059 888 capitulo
2098 801 2330 869 Sancte
2370 797 2591 870 Crucis

297 907 694 981 liberaliter
731 908 1165 1001 assignamus,
1205 908 1532 983 canonicis
1570 907 1677 1000 qui
1720 912 2113 983 celebrando
2151 909 2356 1003 ipsius
2401 915 2589 985 anni-

296 1022 620 1095 versario
647 1023 1006 1096 intererunt
1030 1022 1408 1095 dividendos
1434 1026 1839 1114 {statuentes
1862 1027 2035 1116 quod
2070 1023 2256 1097 annis
2287 1025 2585 1118 singulis,

299 1136 485 1208 infra
531 1150 803 1210 octavas
828 1136 1066 1211 Natalis
1106 1136 1388 1223 Domini,
1435 1142 1569 1209 XLa
1623 1137 1811 1210 solidi
1874 1142 2340 1231 persolvantur,
2383 1153 2448 1212 et
2506 1143 2587 1213 de

305 1249 412 1322 eis
455 1250 654 1323 dicto
698 1254 1031 1324 solvendis
1095 1250 1371 1323 termino
1437 1265 1564 1323 tam
1622 1266 1790 1324 terre
1829 1275 2020 1344 quam
2071 1276 2234 1345 aque
2290 1256 2582 1327 serviens

303 1378 700 1438 memorato
748 1365 1118 1437 fidelitatem
1173 1365 1452 1458 capitulo
1518 1369 1725 1438 facere
1800 1372 2123 1438 teneatur.
2199 1370 2357 1438 Illud
2392 1368 2586 1440 etiam

304 1478 516 1552 silere
563 1482 897 1564 nolumus,
940 1483 1112 1571 quod
1138 1493 1285 1572 post
1325 1483 1665 1552 decessum
1708 1480 2018 1552 Guidonis
2054 1484 2132 1552 de
2173 1481 2587 1567 castellione,

305 1593 634 1665 canonici
699 1599 931 1666 Sancte
984 1597 1231 1667 Crucis.
1296 1596 1376 1665 de
1439 1608 1747 1686 proventu
1825 1598 2056 1667 domus
2115 1618 2241 1686 que
2303 1596 2587 1669 defuncti

311 1706 634 1799 magistri
673 1707 953 1779 Gaulridi
986 1711 1064 1780 de
1104 1711 1365 1780 Craceio
1405 1711 1632 1793 luerat,
1674 1713 1724 1779 X
1766 1707 1955 1781 solidi
2016 1709 2079 1779 in
2143 1709 2584 1783 anniversario

308 1821 685 1915 supradicti
708 1821 913 1895 Jovini
951 1824 1144 1895 annis
1179 1823 1453 1915 singulis
1494 1837 1645 1896 sunt
1684 1823 2000 1896 solvendi.
2036 1827 2221 1911 Quod
2268 1839 2336 1897 ut
2375 1839 2581 1898 ratum

308 1951 632 2009 teneatur
689 1950 754 2010 et
823 1950 1046 2009 notum
1105 1953 1502 2031 permaneat,
1571 1952 1937 2030 presentem
1991 1938 2285 2031 paginam
2356 1939 2585 2013 litteris

309 2064 707 2123 annotatam
767 2051 961 2144 sigilli
1002 2052 1204 2124 nostri
1265 2066 1587 2125 caractere
1649 2052 1921 2125 fecimus
1997 2053 2308 2126 roborari.
2353 2058 2578 2126 Actum

317 2189 499 2237 anno
544 2166 752 2258 gratie
794 2171 871 2237 Μ·
919 2165 1366 2239 ducentesimo
1397 2166 1619 2239 tercio.

1314 2497 1615 2558 CXXXIX

981 2772 1330 2851 AschereS,
1353 2775 1714 2838 novembre
1759 2771 1940 2837 1203.

332 3022 591 3095 Gautier,
626 3021 948 3078 chambrier
978 3023 1055 3077 du
1106 3023 1212 3093 roi,
1266 3027 1431 3095 ayant
1493 3022 1766 3079 transfere
1813 3022 2024 3094 l'eglise
2069 3022 2404 3078 d'Ascheres
2451 3023 2587 3078 hors

398 3118 469 3175 de
497 3118 821 3191 l’enceinte‚
852 3135 983 3176 avec
1010 3117 1419 3174 l’autorisation
1443 3118 1511 3174 de
1542 3119 1793 3190 l'eveque
1831 3124 1885 3174 et
1929 3118 2005 3173 du
2035 3118 2305 3189 chapitre,
2349 3119 2587 3175 accorde

398 3230 478 3272 au
508 3216 653 3272 cure
680 3215 717 3270 2
739 3215 926 3271 muids
957 3215 1312 3286 d’hivernage
1332 3232 1431 3271 sur
1458 3232 1548 3271 ses
1577 3215 1823 3271 moulins
1852 3220 1908 3270 et
1933 3230 2011 3271 un
2048 3215 2234 3271 muids
2262 3215 2332 3270 de
2360 3213 2452 3269 vin
2481 3230 2584 3269 sur

399 3328 494 3367 ses
523 3313 724 3384 vignes
754 3312 971 3384 chaque
990 3312 1187 3372 annea.

953 3458 1129 3530 (orig.
1161 3458 1329 3514 Arch.
1359 3458 1435 3514 du
1463 3457 1670 3525 Low,
1699 3458 1768 3515 G.
1813 3456 1969 3527 376).

424 3655 625 3723 Geste
652 3650 742 3722 rei
773 3648 1010 3722 noticia
1048 3673 1130 3722 ne
1162 3673 1473 3742 processu
1513 3650 1823 3742 temporis
1860 3661 2201 3719 evanescat
2224 3647 2580 3720 litterarum

342 3760 599 3837 indiciis
648 3778 996 3836 eternatur.
1041 3766 1264 3835 Sciant
1308 3787 1462 3855 ergo
1524 3775 1863 3856 presentes
1900 3775 1963 3834 et
2003 3761 2193 3832 futuri
2234 3765 2405 3853 quod
2466 3786 2587 3853 ego

348 3879 685 3963 Galterius,
755 3878 999 3952 domini
1062 3878 1234 3969 regis
1284 3876 1700 3960 camerarius,
1772 3899 1885 3969 per
1944 3876 2280 3948 licenciam
2336 3874 2586 3947 domini

349 3993 609 4080 Huonis,
644 3993 1118 4066 Aurelianensis
1156 3991 1468 4085 episcopi,
1513 4005 1577 4064 et
1617 4014 1730 4084 per
1763 4014 2104 4062 assensum
2144 3989 2353 4062 tocius
2418 3988 2588 4081 capi-

352 4107 457 4176 tuli
509 4111 799 4201 ejusdem
864 4110 1165 4190 ecclesie,
1227 4108 1569 4180 ecclesiam
1625 4109 1707 4177 de
1748 4104 2036 4189 Acheris,
2101 4128 2225 4197 que
2277 4109 2403 4175 sita
2453 4116 2589 4174 erat

355 4219 505 4293 intra
525 4221 838 4295 ambitum
868 4245 1196 4293 murorum
1223 4236 1289 4293 et
1327 4244 1442 4313 pro
1480 4244 1558 4293 eo
1594 4219 1789 4291 nimis
1831 4218 2107 4291 difficilis
2147 4215 2587 4311 parrochianis

358 4336 647 4410 omnibus
693 4350 759 4410 et
796 4340 1127 4431 capellano
1194 4334 1456 4407 introire
1520 4336 1760 4406 volenti
1809 4336 2176 4404 nullatenus
2241 4345 2586 4424 oportuna,

361 4441 418 4514 in
447 4448 634 4521 alium
664 4455 877 4523 locum
909 4464 1080 4522 extra
1120 4471 1341 4520 muros
1376 4448 1698 4532 transtuli,
1736 4444 1845 4525 ubi
1885 4444 2200 4537 presbiter
2249 4457 2313 4515 et
2372 4466 2589 4536 parro-

364 4560 552 4635 chiani
583 4564 855 4637 liberum
896 4567 1175 4636 habeant
1210 4560 1569 4646 introitum,
1611 4573 1676 4631 et
1698 4563 1843 4651 jura
1884 4556 2301 4651 parrochialia
2340 4560 2588 4627 valeant

366 4673 636 4767 adipisci.
675 4678 816 4750 Fuit
851 4692 916 4750 et
953 4676 1308 4751 stabilitum
1332 4680 1503 4767 quod
1538 4688 1781 4767 partem
1825 4672 2093 4766 primam
2124 4670 2355 4744 veteris
2382 4674 2589 4743 eccle-
