3485 5571
1924 1065 2199 1128 CCCXXl

1736 1335 1778 1395 6
1825 1338 2191 1401 novembre
2239 1335 2396 1400 1270

1154 1592 1413 1663 Echange
1441 1596 1599 1647 entre
1629 1590 1679 1646 le
1709 1589 1961 1657 chapitre
1990 1595 2044 1646 et
2064 1589 2249 1645 Eudes
2286 1589 2356 1644 de
2383 1589 2597 1644 Huetre
2622 1587 2694 1643 de
2729 1586 2981 1659 diverses

1080 1689 1266 1761 pleces
1307 1687 1377 1744 de
1422 1694 1570 1744 terre
1619 1687 1650 1742 a
1709 1688 1934 1758 Hunau‚
1985 1686 2062 1741 La
2099 1686 2486 1742 Provenchere
2542 1690 2597 1740 et
2633 1690 2830 1741 autres
2879 1685 3041 1740 lieux.

1401 1831 1584 1903 (orig.
1616 1848 1664 1887 s,
1696 1831 1887 1903 parch.
1918 1830 2090 1887 Arch.
2123 1830 2198 1886 du
2241 1830 2450 1902 Loiret,
2482 1828 2548 1885 G.
2581 1828 2734 1899 329⁶)

1032 2050 1352 2124 Universis
1386 2067 1720 2144 presentes
1759 2051 2002 2123 litteras
2035 2051 2426 2144 inspecturis
2455 2052 2749 2125 officialis
2788 2052 2964 2125 curie
3001 2056 3160 2124 Aure-

942 2165 1248 2237 lianensis
1296 2169 1568 2238 salutem
1638 2165 1701 2235 in
1762 2167 2068 2237 Domino.
2133 2166 2449 2239 Noveritis
2504 2170 2678 2257 quod
2744 2167 2807 2238 in
2870 2166 3160 2260 presentia

941 2279 1186 2351 Odonis
1260 2282 1342 2352 de
1406 2280 1827 2364 Bandrevilla‚
1892 2279 2106 2351 clerici
2175 2279 2350 2352 curie
2403 2283 2903 2370 Aurelianensis,
2960 2279 3158 2354 notarii

931 2393 1121 2485 jurati
1159 2397 1238 2465 ad
1274 2399 1396 2466 hoc
1426 2417 1460 2465 a
1502 2393 1688 2465 nobis
1728 2394 2095 2486 specialiter
2141 2395 2471 2481 destinati,
2508 2395 2611 2467 cui
2662 2395 2729 2466 in
2783 2401 2906 2469 hoc
2961 2411 3021 2468 et
3053 2418 3156 2466 ma·

935 2508 1185 2600 joribus
1235 2511 1428 2580 fidem
1504 2507 1926 2581 indubitatam
1998 2511 2405 2594 adhibemuS,
2483 2511 2817 2583 constituti
2901 2515 3037 2585 Odo
3093 2513 3155 2580 de

940 2626 1170 2695 Oestro
1197 2637 1260 2695 et
1299 2625 1616 2710 Amelina,
1649 2626 1789 2715 ejus
1831 2647 2010 2708 uxor,
2053 2632 2187 2696 tres
2208 2625 2424 2716 pecias
2464 2639 2629 2697 terre
2650 2626 2907 2698 arabilis
2926 2650 3073 2717 quas
3094 2647 3150 2697 se

939 2741 1174 2811 habere
1214 2738 1539 2824 dicebant,
1577 2760 1770 2811 uuam
1822 2738 2122 2812 videlicet
2184 2763 2378 2831 super
2425 2743 2799 2814 cheminum
2865 2741 2970 2834 qui
3008 2738 3155 2812 ducit

940 2855 1019 2924 de
1060 2852 1461 2947 Aur[elianis]
1507 2852 1762 2924 Carnoti
1816 2867 1880 2926 et
1926 2857 2004 2925 ad
2064 2854 2448 2926 Limolinum
2502 2855 2719 2939 sitam,
2758 2860 2839 2928 ab
2873 2852 3150 2947 oppositis

936 2969 1269 3057 cujusdam
1308 2967 1570 3039 alterius
1611 2967 1794 3059 pecie
1835 2982 2002 3040 terre
2032 2968 2336 3060 contigue
2378 2983 2542 3041 terre
2586 2969 2850 3062 capituli
2908 2968 3152 3040 Aurelia-

937 3082 1161 3153 nensis
1197 3081 1262 3151 in
1300 3080 1618 3153 territorio
1643 3081 1849 3173 ipsius
1889 3081 2146 3173 capituli
2187 3085 2268 3154 de
2309 3086 2556 3167 Unello,
2599 3083 2662 3154 in
2719 3083 3057 3155 decimaria
3099 3094 3148 3152 et

937 3195 1327 3287 campiparte
1361 3194 1509 3266 dicti
1552 3194 1838 3286 capituli,
1883 3209 1948 3266 et
1993 3195 2181 3267 aliam
2246 3197 2494 3288 peciam
2542 3210 2710 3269 terre
2773 3221 2966 3289 super
3015 3196 3148 3267 viam

940 3333 1063 3401 que
1103 3308 1278 3381 ducit
1342 3312 1421 3381 de
1483 3311 1705 3381 Unello
1765 3312 1845 3380 ad
1911 3309 2467 3397 Provencheriam,
2529 3309 2696 3382 inter
2754 3324 2979 3384 terram
3028 3306 3150 3379 dicti

939 3423 1201 3516 capituli
1253 3422 1318 3492 in
1371 3424 1545 3494 dicto
1609 3421 1929 3493 territorio
1990 3426 2071 3495 de
2147 3426 2370 3495 Unello
2441 3438 2506 3496 et
2575 3438 2810 3496 terram
2873 3419 3146 3495 Guillelmi

937 3537 1233 3621 ViatoriS‚
1308 3540 1572 3608 alteram
1612 3560 1762 3608 vero
1790 3536 2036 3628 peciam
2077 3552 2243 3609 terre
2291 3561 2485 3630 super
2541 3538 2778 3610 dictam
2815 3540 2971 3611 viam
3016 3537 3152 3607 inter

938 3667 1175 3723 terram
1246 3650 1400 3723 dicti
1463 3649 1727 3744 capituli
1770 3664 1835 3722 et
1890 3666 2120 3723 terram
2198 3652 2348 3722 dicti
2413 3652 2729 3725 Guillelmi
2806 3652 3060 3725 Viatoris
3101 3663 3152 3720 ct

938 3765 1225 3837 detuncti
1269 3765 1526 3837 Roberti
1550 3768 1628 3837 de
1684 3766 1905 3837 Unello
1945 3764 2010 3836 iu
2077 3764 2423 3837 decimaria
2483 3779 2547 3837 et
2604 3767 2988 3860 campiparte
3023 3759 3148 3836 dicti

945 3878 1204 3972 capituli
1245 3879 1427 3963 sitas,
1464 3892 1984 3971 permutaverunt
2038 3893 2103 3950 et
2164 3879 2425 3951 nomine
2463 3883 2955 3971 permutationis
2992 3880 3152 3950 dede-

941 3993 1091 4065 runt
1146 4006 1210 4064 et
1265 4006 1728 4066 concesserunt
1807 3993 2284 4085 imperpetuum
2344 4008 2407 4066 et
2483 3993 2745 4087 penitus
2809 3993 3150 4066 dimiserunt

940 4108 1111 4180 dicto
1173 4106 1452 4200 capitulo
1514 4107 1954 4179 Aurelianensi
2010 4131 2125 4198 pro
2177 4111 2392 4180 tribus
2449 4107 2649 4199 peciis
2716 4123 2882 4181 terre
2924 4105 3149 4180 arabilis

937 4245 1097 4314 quas
1125 4220 1365 4292 dictum
1387 4220 1735 4312 capitulum
1775 4223 2074 4306 habebat,
2119 4236 2187 4293 ut
2223 4221 2479 4304 dicitur,
2514 4246 2706 4294 unam
2747 4247 2893 4296 vero
2932 4220 3145 4314 peciam

935 4350 1102 4410 terre
1140 4340 1307 4429 apud
1336 4335 1893 4422 Provencheriam,
1951 4359 2076 4427 que
2115 4350 2377 4408 vocatur
2429 4336 2667 4408 Hochia
2697 4335 2942 4420 decani,
2982 4333 3139 4408 sitam

940 4473 1133 4545 super
1173 4449 1540 4522 cheminum
1582 4450 2106 4522 Aurelianensem
2147 4465 2212 4522 et
2269 4454 2756 4535 Carnotensem‚
2819 4449 3141 4541 contiguam

940 4565 1085 4637 ville
1120 4568 1199 4637 de
1234 4567 1289 4636 la
1323 4564 1789 4637 Provenchiere
1822 4579 1884 4636 et
1922 4564 2154 4637 hochie
2184 4564 2492 4637 deffuncti
2526 4565 2805 4638 Gaufridi
2837 4562 3057 4638 Pelerin
3084 4560 3136 4629 in

940 4678 1329 4774 campiparte
1369 4694 1433 4752 et
1483 4677 1826 4752 decimaria
1867 4678 2018 4751 dicti
2066 4679 2353 4773 capituli,
2388 4693 2452 4752 et
2488 4679 2675 4752 aliam
2724 4681 2961 4774 peciam
2998 4691 3132 4749 terre
