3485 5571
1744 646 2103 712 —416—

798 787 925 846 tem
968 797 1042 847 ex
1084 796 1208 846 una
1275 786 1452 867 parte
1506 787 1674 847 terre
1712 774 1938 847 Mathei
2009 776 2299 861 BordaiS‚
2354 788 2420 848 et
2469 798 2545 848 ex
2608 779 2808 849 altera
2864 791 3041 867 parte

793 888 895 961 vie
932 912 1056 982 qua
1090 888 1216 959 itur
1254 892 1334 961 de
1369 888 1641 961 Roverio
1677 892 1846 981 apud
1873 889 2152 962 Villerdu
2182 915 2201 975 ;
2243 889 2396 962 item
2459 895 2797 982 quamdam
2853 894 3042 962 aliam

794 1002 1028 1096 petiam
1063 1017 1233 1076 terre
1262 1026 1388 1095 que
1429 1018 1690 1076 vocatur
1720 1006 1972 1077 L'Oche
2012 1007 2092 1076 de
2132 1007 2193 1075 la
2238 1005 2565 1092 Metoerie‚
2604 1005 3041 1077 continentem

792 1115 1014 1208 viginti
1072 1131 1346 1209 quatuor
1389 1141 1476 1191 m.
1529 1141 1586 1189 s.
1638 1131 1716 1205 t.,
1761 1121 2257 1191 coadherentem
2292 1133 2459 1190 terre
2525 1119 2677 1191 dicti
2732 1122 3042 1210 magistri

792 1229 1023 1321 Philipi
1065 1232 1145 1302 de
1183 1233 1243 1301 la
1282 1234 1571 1313 Galoere,
1629 1230 1874 1316 clerici,
1925 1254 2000 1302 ex
2030 1255 2158 1303 una
2197 1245 2399 1323 parte,
2450 1245 2517 1304 et
2575 1244 2743 1304 terre
2818 1231 3039 1304 Mathei

789 1342 1080 1429 Bordais,
1157 1367 1230 1416 ex
1268 1348 1510 1430 altera3
1578 1368 1831 1417 necnon
1881 1348 2144 1416 domum
2197 1360 2262 1418 et
2317 1345 2690 1437 granchiam
2750 1345 2911 1417 sitas
2972 1346 3035 1417 iu

791 1455 963 1528 dicto
1001 1461 1144 1530 loco
1177 1472 1241 1529 et
1278 1457 1591 1551 quicquid
1638 1462 1940 1545 habehat,
2005 1461 2244 1531 habere
2304 1473 2552 1552 poterat
2611 1462 2711 1532 vel
2768 1462 3042 1533 debebat

790 1584 1080 1663 tempore
1114 1571 1284 1644 dicte
1315 1572 1721 1644 vendicionis
1758 1571 1826 1643 in
1854 1571 2027 1644 dicto
2051 1575 2196 1645 loco
2235 1575 2316 1645 de
2354 1575 2560 1646 Mores
2600 1576 2696 1646 vel
2734 1574 2934 1657 circa,
2975 1576 3039 1644 in

787 1685 1189 1780 parrochiam
1230 1690 1309 1758 de
1343 1688 1612 1760 Rovreio
1656 1692 1889 1759 Sancte
1922 1687 2145 1759 Crucis
2171 1690 2271 1760 vel
2310 1688 2506 1775 circa,
2549 1692 2628 1760 de
2653 1689 2842 1761 leodo
2874 1688 3039 1760 Petri

786 1816 851 1872 et
887 1805 1147 1873 Auberti
1189 1806 1454 1873 fratrum
1493 1805 1573 1874 de
1619 1801 1995 1893 Villerpium
2056 1801 2331 1874 militum
2399 1802 2758 1888 movencia,
2822 1804 3039 1896 precio

786 1930 1217 1988 trecentarum
1259 1931 1325 1989 et
1363 1914 1780 2009 quadraginta
1812 1917 2116 1988 librarum
2160 1916 2636 2010 parisiensium,
2681 1921 2760 1989 de
2800 1921 3038 2009 quihus

786 2052 857 2102 se
897 2030 1101 2102 tenuit
1140 2030 1352 2102 dictus
1389 2033 1575 2103 miles
1606 2053 1825 2102 coram
1866 2029 2052 2102 nobis
2111 2031 2359 2123 integre
2386 2046 2767 2124 propagato
2816 2032 2881 2102 in
2930 2055 3038 2123 pe-

785 2142 973 2217 cunia
1078 2159 1432 2217 numerata.
1502 2145 1910 2217 Renuncians
1991 2168 2204 2217 coram
2269 2148 2461 2217 nobis
2524 2157 2696 2217 εἰσ...
2767 2145 3039 2218 Promit-

783 2273 951 2346 tenS,
986 2274 1155 2333 εἰσ...
1201 2265 1323 2332 Has
1362 2273 1576 2332 autem
1616 2259 2065 2332 vendicionem
2104 2274 2167 2332 et
2202 2258 2637 2351 quitacionem
2672 2274 2736 2332 et
2766 2260 3033 2332 dominii

784 2378 1270 2449 translationem
1295 2375 1542 2462 Mathia,
1568 2398 1724 2447 uxor
1754 2374 1905 2446 dicti
1936 2373 2218 2453 Roberti,
2247 2398 2375 2446 non
2412 2373 2469 2445 vi
2506 2397 2632 2446 non
2663 2377 2810 2446 dolo
2842 2378 3034 2447 ducta

783 2511 907 2561 nec
938 2489 1128 2561 etiam
1169 2490 1629 2574 circumventa,
1674 2492 1789 2560 sed
1820 2502 2173 2580 spontanea
2218 2512 2344 2559 non
2377 2503 2597 2560 coacta
2640 2491 2864 2568 voluit,
2902 2492 3035 2560 lau-

783 2602 952 2674 davit
981 2617 1045 2675 et
1082 2603 1408 2676 concessit
1445 2616 1511 2675 et
1550 2603 1899 2674 liberaliter
1928 2604 2325 2695 approbavit,
2409 2602 2815 2695 promittens,
2850 2609 3030 2673 εἰσ...

784 2717 1281 2803 RenuncianteS‚
1340 2729 1512 2791 εἰσ...
1571 2722 1638 2789 In
1689 2720 1873 2809 cujus
1914 2717 2003 2791 rei
2046 2717 2421 2790 memoriam
2483 2730 2548 2790 et
2589 2716 3025 2789 testimonium

782 2848 1118 2926 presentes
1175 2835 1420 2906 litteras
1460 2832 1672 2925 sigillo
1705 2847 1927 2905 nostro
1971 2832 2160 2904 dictis
2217 2837 2461 2906 decano
2500 2847 2561 2905 et
2603 2832 2886 2923 capitulo
2949 2834 3024 2902 ad

781 2948 1277 3040 requisicionem
1304 2949 1623 3021 dictorum
1662 2949 1922 3020 Roberti
1963 2961 2028 3019 et
2062 2947 2291 3019 Mathie
2348 2952 2489 3039 ejus
2519 2947 2729 3020 uxoris
2774 2944 3030 3018 tradidi-

782 3087 927 3134 mus
957 3063 1289 3155 sigillatas.
1332 3068 1564 3135 Datum
1606 3086 1777 3137 anno
1814 3062 2073 3134 Domini
2113 3065 2367 3135 MCCLX
2418 3071 2485 3100 ⁰⁰
2521 3067 2758 3154 primo,
2804 3082 3019 3133 mense

781 3176 979 3249 maio.

1784 3497 2034 3560 CCCXll

1408 3772 1791 3847 Fontaines,
1839 3771 1916 3833 23
1952 3771 2217 3852 janvier
2250 3770 2408 3834 1262

776 4002 958 4058 Vente
989 4017 1086 4074 par
1124 4001 1193 4056 G.
1216 4001 1418 4057 Jodoin
1443 4006 1500 4057 et
1528 4019 1588 4058 sa
1617 4002 1830 4058 famille
1860 4007 1917 4058 et
1939 4019 2040 4074 par
2076 4002 2161 4058 les
2201 4002 2425 4058 enfants
2457 4002 2527 4058 de
2556 4003 2694 4058 Jean
2726 4001 2796 4058 de
2823 4003 3023 4058 Romo-

849 4099 1033 4155 rantin
1049 4116 1121 4154 au
1149 4098 1418 4173 chapitre‚
1445 4115 1587 4170 pour
1604 4097 1899 4155 3181ivres
1920 4099 2197 4172 tournois‚
2227 4098 2327 4153 des
2345 4098 2527 4154 dimes
2556 4098 2627 4154 de
2640 4099 2731 4156 hle
2753 4104 2808 4154 et
2855 4100 2922 4154 de
2939 4097 3025 4152 vin

850 4196 922 4252 de
968 4196 1270 4252 Fontaines
1312 4213 1384 4252 en
1439 4196 1704 4267 Sologne.
1757 4196 2016 4252 Vidimus
2072 4195 2142 4251 de
2170 4195 2424 4267 l'eveque
2465 4194 2787 4263 d’OrleanS,
2820 4196 2915 4268 qui
2940 4196 3025 4250 re-

853 4310 1014 4349 ssrve
1044 4310 1107 4350 sa
1130 4293 1461 4366 juridiction
1491 4293 1763 4365 (Orloans
1791 4294 1826 4348 9
1865 4292 2071 4348 sevrier
2101 4292 2283 4360 1262).

1240 4440 1417 4513 (Orig.
1458 4456 1505 4495 s.
1538 4439 1731 4510 parch.
1765 4439 1939 4494 Arch.
1974 4438 2051 4494 du
2076 4438 2286 4510 Loiret,
2314 4440 2381 4498 G.
2412 4440 2574 4510 325.)

870 4659 1219 4744 Robertus,
1295 4654 1506 4728 diviua
1609 4654 2022 4729 miseratione
2087 4655 2565 4729 Aurelianensis
2657 4655 3011 4750 episcopus,
