3485 5571
1894 645 2130 711 226—

1836 1022 2076 1083 CXLIII

1873 1321 2035 1384 1205

830 1618 910 1675 Le
951 1618 1129 1690 doyen
1168 1617 1455 1688 Foulques
1479 1616 1817 1687 homologue
1845 1614 2142 1671 l’ahandon
2167 1614 2268 1670 fait
2317 1615 2351 1670 a
2378 1613 2767 1673 Sainte-Croix
2808 1631 2913 1688 par
2935 1616 3074 1670 l’ar-

895 1712 1172 1770 cbidiacre
1215 1714 1417 1779 Adam,
1458 1713 1641 1784 doyen
1679 1713 1750 1768 de
1787 1711 2456 1783 Saint-Pierre-Empont,
2506 1711 2576 1767 de
2622 1711 2693 1770 35
2747 1728 2883 1768 sous
2939 1710 3076 1783 qu’il

894 1810 1109 1880 percoit
1136 1811 1353 1883 chaque
1375 1813 1552 1866 annee
1578 1828 1678 1866 sur
1722 1812 1777 1867 la
1802 1811 2010 1867 bourse
2039 1827 2340 1868 commune
2368 1811 2444 1866 du
2473 1809 2726 1888 chapitne
2779 1811 2850 1867 de
2890 1812 3073 1867 Saint-

897 1906 1088 1963 Pierre
1109 1913 1164 1964 et
1193 1908 1329 1963 dont
1357 1908 1559 1980 quinze
1586 1914 1777 1963 seront
1798 1907 2102 1964 distribues
2129 1908 2163 1964 ἑ
2188 1924 2294 1964 son
2328 1908 2709 1964 anniversaire
2738 1926 2751 1962 :
2818 1908 2890 1964 10
2940 1923 3073 1963 sous

896 2018 1004 2058 aux
1032 2004 1361 2073 chanoine8‚
1387 2004 1423 2059 5
1450 2020 1555 2059 aux
1575 2003 1885 2060 nourriers.

1375 2141 1548 2213 (Orig.
1582 2160 1628 2198 s.
1658 2144 1849 2216 parch.
1885 2144 2056 2200 Arch.
2091 2142 2168 2199 du
2199 2141 2408 2214 Loiret,
2437 2144 2531 2215 G.)

915 2389 1047 2479 Ego
1086 2388 1280 2458 Fulco
1302 2388 1589 2458 decanus
1619 2400 1687 2458 et
1710 2383 2080 2458 universum
2120 2390 2352 2458 Sancte
2398 2386 2621 2458 Crucis
2660 2388 3072 2459 Aurelianen-

826 2503 920 2573 sis
960 2499 1334 2593 capitulum.
1394 2504 1622 2571 Notum
1692 2499 1962 2572 facimus
2016 2500 2426 2593 presentibus
2485 2513 2551 2573 et
2610 2489 2843 2573 tuturis
2897 2504 3071 2593 quod

828 2614 1108 2687 dilectus
1148 2617 1342 2687 irater
1391 2628 1455 2686 et
1513 2613 1994 2686 concanonicus
2048 2617 2244 2686 Adam
2284 2613 2806 2703 archidiaconus,
2851 2617 3068 2686 Sancti

828 2727 997 2802 Petri
1033 2731 1327 2801 Virorum
1382 2731 1690 2812 decanus,
1734 2729 2001 2821 triginta
2077 2729 2365 2822 quinque
2443 2731 2690 2803 solidos
2754 2752 2920 2822 quos
2983 2732 3062 2802 de

828 2842 1156 2916 communi
1199 2847 1389 2915 bursa
1427 2844 1693 2935 capituli
1740 2846 1959 2915 Sancti
2003 2845 2171 2916 Petri
2227 2846 2419 2915 annis
2482 2845 2881 2936 percipiebat
2941 2845 3067 2916 sin·

832 2960 1001 3050 gulis
1072 2959 1285 3030 eidem
1360 2955 1639 3050 capitulo
1704 2958 1969 3028 donavit
2017 2971 2081 3030 et
2110 2958 2384 3048 quitavit
2434 2952 2696 3050 penitus
2761 2972 3066 3051 perpetuo

829 3072 1288 3166 possidendos,
1329 3070 1413 3142 ita
1451 3074 1625 3162 quod
1673 3074 1910 3142 factum
1969 3071 2142 3143 istud
2197 3071 2353 3143 nulli
2399 3073 2655 3165 penitus
2721 3071 2908 3145 liceat
2959 3073 3066 3144 ali-

828 3200 1146 3278 quatenus
1185 3208 1506 3258 revocare.
1549 3190 1679 3257 Hoc
1721 3199 1936 3257 tamen
1983 3187 2205 3257 addito
2253 3189 2424 3277 quod
2478 3186 2848 3278 quindecim
2883 3188 3067 3259 solidi

829 3300 893 3372 in
934 3300 1136 3393 ipsius
1166 3299 1628 3387 anniversario,
1654 3303 1878 3372 decem
1911 3299 2266 3395 canonicis,
2297 3300 2580 3393 quinque
2605 3324 2755 3375 vero
2780 3301 3067 3373 nutriciis

829 3414 1015 3486 annis
1054 3413 1325 3506 singulis
1359 3413 1744 3486 dividentur.
1802 3419 1930 3486 Nos
1969 3428 2180 3487 autem
2221 3430 2295 3486 ut
2359 3418 2479 3487 bec
2545 3415 2750 3507 ipsius
2814 3417 3067 3489 donatio

826 3527 1168 3601 laudabilis
1193 3542 1258 3601 et
1282 3531 1555 3600 honesta
1592 3542 1725 3600 rata
1766 3542 2059 3601 teneatur
2095 3543 2160 3600 et
2206 3528 2457 3601 stabilis
2500 3546 2893 3622 perseveret,
2933 3555 3068 3603 eam

826 3647 1256 3736 approbamus
1295 3654 1360 3715 et
1398 3645 1693 3715 volumus
1750 3658 1817 3715 et
1854 3658 2215 3735 presentem
2260 3644 2553 3736 paginam
2608 3644 2672 3714 in
2735 3647 2928 3738 hujus
2981 3644 3067 3717 rei

830 3757 1270 3830 testimonium
1327 3758 1515 3849 sigilli
1572 3757 1776 3829 nostri
1815 3761 2144 3831 karactere
2180 3761 2584 3831 roboramus.
2628 3765 2857 3831 Actum
2907 3783 3068 3832 anno

825 3871 1035 3963 gracie
1076 3877 1159 3943 M·
1198 3874 1318 3942 CC·
1363 3870 1612 3962 quinto.
