3485 5571
1318 676 1674 752 -449-

363 815 452 887 tia
489 815 773 888 Gaufridi
802 800 1236 906 ‘Chathelene,
1303 817 1481 888 curie
1535 829 1754 888 nostre
1819 813 2045 887 notarii
2081 813 2271 907 jurati
2315 818 2392 885 ad
2426 817 2547 886 hoc
2586 838 2619 887 a

360 929 560 1001 nobis
599 928 963 1021 specialiter
1001 931 1326 1015 destinati,
1372 944 1436 1003 et
1476 929 1577 1002 cui
1635 952 1830 1021 super
1862 932 1987 1001 hoc
2048 932 2111 1001 et
2163 927 2226 999 in
2275 930 2625 1019 majoribus

360 1045 564 1115 fidem
603 1043 1007 1132 adhibemus,
1051 1043 1384 1117 constituti
1418 1048 1701 1115 Johanes
1742 1041 1989 1125 Morini,
2020 1042 2234 1129 miles,
2266 1055 2329 1114 et
2369 1040 2626 1143 domina

364 1155 530 1235 Gila,
577 1158 717 1247 ejus
757 1179 936 1239 uxor,
981 1158 1319 1248 quamdam
1363 1157 1691 1227 censivam
1723 1167 2091 1227 moventem
2135 1177 2208 1226 ex
2239 1157 2432 1227 leudo
2470 1153 2624 1226 dicti

361 1268 620 1354 militis,
656 1292 847 1361 quam
889 1272 985 1340 vir
1032 1268 1418 1342 venerabilis
1476 1272 1887 1362 Raymondus
1922 1271 2002 1340 de
2042 1271 2334 1353 Loduno,
2377 1266 2625 1360 capice-

358 1382 504 1456 rius
560 1385 1064 1471 AurelianensiS,
1117 1388 1311 1456 habet
1362 1383 1722 1457 Aurelianis
1766 1397 1830 1456 et
1895 1388 2064 1477 apud
2108 1388 2488 1476 Magdunum
2556 1398 2620 1457 et

359 1501 537 1589 apud
585 1502 1050 1571 Dornesiacum
1091 1512 1155 1569 et
1213 1502 1379 1591 apud
1423 1503 1790 1589 Semeyum,
1845 1522 2035 1589 quam
2076 1498 2335 1590 quidem
2376 1498 2623 1571 censsi-

362 1634 511 1683 vam
568 1616 782 1684 dictus
848 1615 1258 1705 Raymondus
1325 1627 1568 1684 emerat
1629 1610 1892 1683 nomine
1969 1634 2112 1696 suo,
2177 1636 2307 1685 non
2359 1613 2624 1685 nomine

362 1725 649 1799 ecclesie
688 1731 922 1798 Sancte
991 1725 1239 1812 Crucis,
1300 1740 1362 1797 et
1419 1749 1611 1817 quam
1681 1725 2008 1797 censivam
2087 1739 2264 1799 tenet
2334 1727 2399 1798 in
2434 1730 2624 1799 feodo

364 1862 398 1909 a
433 1839 613 1912 dicto
643 1841 867 1927 milite,
914 1863 1129 1912 coram
1190 1843 1366 1912 dicto
1411 1839 1657 1911 notario
1719 1839 2327 1924 amortificaverunt,
2363 1854 2426 1912 et
2451 1841 2626 1932 quic·

363 1953 521 2044 quid
568 1955 733 2046 juris
789 1958 1112 2025 habebant
1161 1970 1225 2027 et
1278 1957 1520 2025 habere
1557 1966 1856 2046 poterant
1912 1957 1980 2024 in
2015 1955 2304 2046 predicta
2331 1954 2624 2027 censsiva

358 2068 509 2158 jure
539 2069 753 2159 aliquo
785 2091 900 2139 seu
949 2091 1142 2139 causa
1176 2066 1435 2140 racione
1481 2066 1680 2155 feudi,
1725 2070 1898 2139 dicto
1929 2072 2301 2159 Raymondo
2340 2067 2626 2160 quitave-

367 2195 524 2252 runt
565 2194 631 2253 et
670 2185 926 2273 penitus
968 2181 1440 2274 imperpetuum
1490 2181 1896 2265 dimiserunt,
1942 2185 2232 2255 volentes
2282 2198 2347 2255 et
2399 2205 2628 2255 conce-

368 2298 606 2369 dentes
671 2301 838 2388 quod
908 2297 1123 2368 dictus
1198 2300 1610 2390 Raymondus
1676 2296 1911 2368 dictam
1975 2297 2335 2370 censsivam
2402 2313 2626 2371 tenere

371 2414 585 2483 valeat
628 2409 1113 2482 amortiticatam
1156 2415 1249 2482 vel
1312 2414 1392 2481 ab
1430 2414 1573 2502 ipso
1617 2433 1878 2481 causam
1920 2412 2180 2483 tenendi
2207 2415 2522 2485 habentes
2550 2428 2616 2485 et

371 2526 572 2598 etiam
605 2527 1020 2618 possedendi,
1078 2539 1142 2598 et
1190 2529 1483 2598 eamdem
1537 2525 1896 2597 censsivam
1964 2530 2265 2611 vendere,
2316 2528 2623 2613 alienare,

372 2642 617 2711 donare
675 2654 738 2740 et
792 2638 1219 2711 elemosinare
1277 2638 1662 2729 cuicumque
1704 2638 1971 2709 voluerit
2000 2642 2519 2725 amortificatam,
2560 2654 2627 2712 et

372 2776 515 2825 eam
561 2753 625 2824 in
650 2775 843 2825 manu
879 2770 1125 2826 mortua
1167 2767 1409 2836 tenere,
1457 2775 1572 2845 pro
1611 2774 1733 2843 qua
1763 2751 2305 2827 amortificacione
2344 2754 2623 2827 contessi

373 2874 636 2941 luerunt
674 2892 886 2939 coram
921 2868 1093 2940 dicto
1128 2868 1376 2940 notario
1408 2890 1480 2939 se
1513 2866 1818 2939 habuisse
1848 2881 1912 2940 et
1960 2870 2286 2960 recepisse
2323 2871 2391 2940 in
2433 2893 2627 2962 pecu-

373 2980 478 3052 nia
510 2994 843 3052 numerata
873 3004 908 3051 a
949 2979 1120 3052 dicto
1162 2984 1531 3072 Raymondo
1568 2978 1786 3070 viginti
1827 2981 2021 3052 libras
2053 2981 2530 3073 parisiensium,
2563 2996 2628 3054 et

371 3095 915 3167 renunciaverunt
971 3095 1341 3187 excepcioni
1389 3117 1519 3165 non
1569 3108 1902 3166 numerate
1965 3095 2264 3187 pecunie,
2320 3097 2442 3167 sibi
2494 3120 2623 3169 non

374 3213 608 3282 tradite
638 3233 767 3281 non
808 3213 1040 3295 solute,
1084 3224 1146 3280 et
1187 3211 1619 3300 promiserunt
1660 3208 1815 3279 dicti
1847 3211 2036 3281 miles
2070 3224 2135 3281 et
2172 3212 2315 3302 ejus
2353 3234 2508 3282 uxor
2554 3233 2626 3282 se

373 3338 712 3395 curaturos
751 3337 816 3395 et
876 3326 1182 3407 facturoS,
1214 3322 1375 3392 inl‘ra
1408 3321 1948 3394 Rexurectionem
1988 3322 2417 3407 Dominicam,
2451 3327 2622 3415 quod

265 3489 273 3500 .
375 3441 669 3509 Galterus
719 3439 799 3508 de
856 3440 1272 3519 Annemosio,
1338 3439 1665 3507 secundus
1723 3439 2029 3507 dominus
2103 3438 2376 3509 feodalis
2453 3437 2625 3510 dicte

373 3558 663 3634 censive,
711 3566 911 3622 ratam
958 3551 1217 3622 habebit
1265 3549 1873 3621 amortificacionem
1939 3550 2288 3642 predictam
2352 3566 2417 3623 et
2481 3575 2621 3623 eam

375 3668 692 3737 concedet
721 3665 930 3736 eidem
957 3665 1329 3755 Raymondo
1358 3680 1421 3735 et
1461 3666 1600 3756 ejus
1639 3687 1900 3735 causam
1931 3665 2319 3737 habentibus
2360 3664 2622 3737 tenendi

375 3782 694 3866 eamdem,
743 3793 808 3850 et
840 3781 1150 3870 quicquid
1194 3782 1365 3870 juris
1404 3782 1595 3850 habet
1655 3791 1721 3850 et
1762 3782 1998 3851 habere
2040 3794 2256 3870 potest
2308 3782 2405 3851 vel
2433 3783 2626 3852 debet

376 3896 642 3965 racione
704 3893 877 3964 leudi
933 3895 998 3962 iu
1065 3892 1233 3963 dicta
1289 3892 1584 3964 censsiva
1629 3891 1805 3963 dicto
1856 3897 2228 3995 Raymondo
2277 3897 2373 3965 vel
2417 3898 2496 3965 ab
2545 3917 2625 3966 eo

377 4030 638 4080 causam
668 4007 1054 4078 habentibus
1101 4006 1489 4098 possidenda
1519 4007 1793 4099 quitabit
1829 4008 2086 4099 penitus
2115 4021 2180 4080 et
2218 4008 2518 4094 dimittet,
2559 4024 2624 4081 et

376 4121 621 4193 litteras
659 4120 1055 4193 sufficientes
1109 4145 1304 4213 super
1364 4127 1487 4193 hoc
1540 4125 1855 4193 concedet
1914 4127 2288 4216 Raymondo
2321 4123 2622 4215 superius

377 4237 730 4308 nominato.
773 4240 848 4307 Et
876 4239 1093 4322 omnia
1132 4252 1195 4307 et
1236 4236 1487 4327 singula
1530 4237 1895 4327 supradicta
1941 4237 2396 4328 promiserunt,
2443 4249 2617 4310 etc...

380 4354 552 4423 Hanc
578 4365 790 4422 autem
825 4349 1435 4422 amortificacionem
1497 4365 1561 4422 et
1600 4350 2049 4423 dimissionem
2088 4351 2442 4443 predictam
2480 4375 2624 4444 pre-

378 4465 546 4538 dicte
575 4467 871 4537 censsive
927 4479 992 4536 et
1038 4467 1329 4556 ejusdem
1391 4463 1675 4556 parcium
1736 4469 2008 4551 Huotus,
2072 4464 2241 4537 filius
2303 4468 2622 4537 dictorum

381 4578 598 4650 militis
637 4595 701 4650 et
757 4581 896 4669 ejus
974 4583 1211 4666 uxoris,
1268 4601 1482 4650 coram
1533 4579 1708 4649 dicto
1772 4577 2021 4650 notario
2076 4578 2490 4664 constitutus,
2543 4582 2625 4652 de

384 4698 707 4765 voluntate
737 4706 803 4764 et
840 4692 1220 4764 auctoritate
1260 4693 1456 4783 patris
1495 4692 1597 4762 sui
1640 4692 1961 4782 presentis
2000 4691 2226 4777 voluit,
2268 4696 2623 4780 concessit,

559 4841 704 4894 nrm.
748 4850 878 4891 xxx.
2377 4838 2447 4893 29
