3485 5571
1828 681 1885 692 —
1928 645 2163 710 49⁴—

1831 1022 2124 1085 CCCLXV

1717 1317 1757 1380 6
1797 1316 2041 1381 fevrier
2080 1316 2242 1381 1296

857 1543 1173 1601 Fundation
1203 1559 1309 1616 par
1339 1544 1391 1599 le
1433 1543 1709 1600 chanoine
1758 1544 2081 1601 Guillaume
2127 1545 2365 1602 Boulain
2394 1544 2466 1601 de
2493 1562 2597 1601 son
2644 1546 3039 1603 annivemire
3076 1548 3108 1603 b

930 1639 1329 1710 Sainte-Croix,
1360 1639 1499 1712 qu’il
1527 1641 1747 1710 gratifle
1777 1640 1916 1696 dans
1944 1656 2009 1696 ce
2045 1640 2146 1697 but
2191 1640 2261 1697 de
2302 1641 2335 1696 7
2385 1642 2572 1697 muids
2617 1641 2711 1715 112
2757 1642 3022 1700 d'avoine
3060 1648 3107 1698 et

926 1734 998 1791 36
1024 1735 1241 1806 gelines
1276 1735 1347 1791 de
1402 1741 1555 1792 taxes
1581 1736 1613 1792 ὲ
1640 1738 1953 1793 Faveroles.
1984 1736 2032 1792 Il
2057 1739 2176 1794 s'en
2204 1737 2431 1795 reserve
2460 1737 2748 1795 l'usufmit
2775 1740 3107 1811 pendantsa

927 1848 1033 1889 vie.

1280 1928 1463 2001 (Orig.
1504 1947 1553 1985 s.
1592 1929 1788 2001 perch.
1839 1930 2011 1988 Arch.
2041 1930 2119 1987 du
2156 1930 2367 2004 Loiret,
2427 1929 2495 1988 G.
2528 1930 2679 1999 376).

947 2148 1274 2220 Universis
1323 2161 1658 2240 presentes
1698 2151 1949 2221 litteras
1994 2147 2387 2241 inspecturis
2423 2147 2716 2221 officialis
2768 2151 2956 2223 curie
2994 2155 3109 2222 Au-

856 2261 1236 2334 relianensis
1284 2264 1555 2334 salutem
1590 2262 1655 2333 in
1707 2264 2009 2335 Domino.
2051 2266 2281 2335 Notum
2321 2261 2595 2335 facimus
2655 2266 2828 2356 quod
2894 2287 3106 2336 coram

856 2375 1162 2468 magistro
1203 2375 1548 2448 Guillermo
1587 2379 1668 2448 de
1694 2380 1902 2448 Bosco
1927 2377 2282 2464 communi,
2321 2376 2586 2461 clerico,
2609 2379 2790 2451 curie
2818 2378 3107 2452 Aurelia-

851 2489 1078 2562 nensis
1108 2488 1354 2562 notario
1380 2492 1621 2581 jurato,
1660 2492 1741 2562 ad
1777 2494 1898 2563 hec
1927 2513 2053 2583 que
2083 2500 2397 2584 sequntur
2432 2515 2468 2565 a
2506 2491 2694 2563 nobis
2728 2492 3095 2585 specialiter

852 2603 1196 2688 destinato,
1238 2602 1340 2676 cui
1372 2608 1625 2696 plenam
1662 2607 1852 2677 fidem
1880 2628 2075 2698 super
2104 2605 2228 2677 hiis
2240 2621 2304 2678 et
2326 2607 2676 2697 majoribus
2698 2605 3106 2691 adhibemus,
3135 2598 3141 2601 ’

852 2718 1244 2793 constitutus
1300 2717 1396 2790 vir
1449 2717 1833 2792 venerabilis
1874 2718 2259 2792 Guillermus
2297 2719 2509 2793 dictus
2551 2722 2879 2809 Boulains,
2921 2744 3109 2794 cano-

852 2836 1039 2906 nicus
1068 2833 1345 2906 ecclesie
1370 2832 1871 2920 Aurelianensis,
1916 2848 2158 2918 certus,
2189 2837 2435 2917 sciens,
2473 2835 2777 2927 providus
2824 2849 2892 2908 et
2919 2859 3107 2928 spon-

858 2971 1043 3027 neus,
1084 2962 1147 3019 ut
1175 2951 1528 3032 asserebat,
1572 2950 1832 3019 donavit
1870 2962 1936 3020 et
1961 2953 2289 3020 concessit
2326 2950 2798 3042 imperpetuum
2829 2971 3096 3022 venera·

853 3061 1090 3134 bilibus
1115 3061 1265 3133 viris
1290 3064 1537 3133 decano
1571 3074 1636 3133 et
1664 3061 1946 3154 capitulo
1969 3064 2247 3135 ecclesie
2281 3061 2787 3147 Aurelianensis,
2815 3066 3105 3155 ejusdem

854 3176 1130 3249 ecclesie
1164 3175 1449 3262 nomine,
1480 3199 1595 3268 pro
1632 3176 2072 3248 anniversario
2099 3200 2218 3248 suo
2239 3177 2303 3247 in
2322 3179 2548 3249 eadem
2580 3176 2858 3249 ecclesia
2890 3199 3104 3269 perpe·

854 3306 965 3363 tuo
1015 3293 1424 3374 celebrando,
1482 3289 1800 3363 redditum
1841 3292 2159 3383 quendam
2205 3292 2446 3386 [quem]
2502 3290 2875 3383 possidebat
2928 3305 2993 3363 et
3033 3312 3099 3362 se

852 3404 1186 3498 possidere
1218 3404 1492 3477 asseruit
1522 3407 1696 3477 idem
1736 3409 2095 3477 canonicus
2134 3404 2199 3476 in
2239 3406 2383 3477 villa
2424 3408 2503 3477 de
2532 3404 2880 3477 Faveroliis
2917 3427 3102 3497 super

853 3518 1145 3611 hospites
1209 3518 1436 3591 decani
1500 3534 1565 3591 et
1604 3518 1868 3612 capituli
1926 3518 2380 3612 predictorum,
2425 3522 2536 3611 qui
2593 3521 2887 3594 redditus
2953 3518 3103 3590 dici-

853 3647 954 3704 tur
996 3645 1426 3705 taxamentum
1472 3655 1671 3705 avene
1706 3648 1771 3705 et
1801 3632 2209 3726 gallinarum,
2250 3635 2421 3726 quod
2479 3636 2746 3725 quidem
2786 3647 3102 3706 taxamen-

860 3764 993 3821 tum
1032 3748 1365 3821 estimatur
1428 3748 1598 3822 circa
1638 3763 1889 3841 septem
1950 3750 2200 3821 modios
2259 3772 2406 3821 cum
2458 3749 2730 3821 dimidio
2785 3772 2987 3822 avene
3021 3752 3095 3820 ad

858 3884 1227 3934 mensuram
1253 3861 1778 3934 Aurelianensem
1817 3877 1882 3933 et
1912 3861 2169 3954 triginta
2195 3885 2304 3936 sex
2332 3865 2601 3955 gallinas
2629 3867 2681 3948 ¹,
2724 3866 2791 3934 in
2831 3885 3095 3956 quorum

854 3975 1139 4068 quolibet
1174 3976 1387 4048 modio
1429 3992 1580 4048 sunt
1620 3975 1962 4048 tresdecim
2004 3976 2179 4048 mine
2201 3979 2281 4048 ad
2311 3977 2686 4049 memoriam
2721 3981 3098 4070 predictam,

855 4105 919 4162 et
959 4093 1129 4182 quod
1169 4090 1486 4183 siquidem
1518 4104 1955 4162 taxamentum
1998 4114 2112 4162 seu
2154 4114 2342 4183 quam
2365 4113 2630 4163 avenam
2671 4107 2734 4163 et
2775 4116 2937 4184 quas
2972 4094 3098 4184 gal·

856 4204 1021 4276 linas
1088 4204 1359 4297 singulis
1422 4204 1611 4276 annis
1658 4204 2104 4297 percipiendas
2150 4220 2216 4278 et
2262 4207 2592 4277 habendas
2653 4204 2716 4275 in
2757 4206 2931 4277 dicto
2965 4209 3101 4277 loco

860 4317 1100 4390 emisse
1138 4318 1371 4389 dicitur
1416 4306 1586 4390 idem
1629 4318 2004 4390 Guillelmus
2063 4318 2367 4390 Boulains
2405 4341 2441 4390 a
2482 4321 2785 4392 Gaulrido
2814 4321 2985 4391 dicto
3025 4320 3101 4389 de

934 4670 949 4702 ¹
993 4661 1101 4719 Ces
1130 4667 1329 4735 quatre
1356 4668 1503 4718 mots
1532 4662 1751 4734 aientes
1778 4678 1850 4717 en
1879 4661 2199 4734 interligne.
2229 4641 2299 4718 V.
2335 4661 2404 4718 In
2430 4661 2565 4735 fine.
