3485 5571
1720 687 1960 752 —266
2021 727 2078 740 ‹-

775 815 1169 888 sufficienter
1209 838 1245 886 a
1284 817 1641 907 sepedictis
1681 815 2056 887 hominibus
2095 829 2161 887 et
2232 838 2455 888 eorum
2499 815 3024 888 antecessoribus

778 928 1119 1023 persolutis
1158 933 1468 1020 prelatum
1510 928 1861 1020 capitulum
1900 933 2126 1001 multis
2162 944 2332 1001 retro
2370 930 2767 1020 temporibus
2799 933 3023 1029 damp-

776 1068 857 1115 na
903 1067 1031 1115 non
1097 1042 1348 1115 modica
1402 1043 1733 1127 sustinuit,
1777 1058 1842 1115 et
1877 1066 1991 1135 pro
2032 1043 2278 1116 eisdem
2343 1044 2612 1115 decimis
2654 1047 3022 1137 placitando

776 1162 1009 1229 multas
1048 1157 1198 1228 fecit
1254 1180 1595 1248 expensas,
1660 1160 1932 1249 sepefati
1990 1158 2289 1233 homines
2350 1161 2667 1249 quandam
2702 1181 3022 1230 summam

774 1276 1053 1365 pecunie
1084 1274 1443 1343 secundum
1469 1275 1861 1343 voluntatem
1893 1286 1956 1343 et
1988 1271 2461 1364 beneplacitum
2496 1271 2815 1343 dictorum
2855 1271 3023 1344 arbi-

774 1400 1017 1458 trorum
1066 1388 1405 1456 taxandam
1469 1388 1919 1476 prenominato
1969 1385 2249 1478 capitulo
2292 1389 2544 1458 solvere
2596 1389 3019 1458 tenebuntur.

776 1503 960 1586 Quod
996 1503 1054 1570 si
1096 1496 1364 1589 predicti
1413 1497 1584 1570 idem
1622 1498 1842 1570 arbitri
1869 1522 2067 1591 super
2103 1502 2410 1592 predictis
2455 1502 2851 1572 concordare
2894 1524 3023 1572 non

776 1625 1100 1705 poterunt,
1175 1611 1295 1704 ipsi
1343 1612 1620 1705 aliquem
1689 1614 1958 1685 tercium
2026 1614 2266 1706 eligent
2325 1630 2393 1685 ut
2430 1616 2601 1705 qnod
2657 1617 2913 1685 duobus
2951 1638 3023 1686 ex

775 1728 936 1819 ipsis
963 1727 1272 1819 placuerit
1325 1730 1723 1798 observetur.
1792 1727 1856 1797 Si
1896 1742 2107 1799 antem
2149 1727 2214 1798 in
2256 1728 2554 1819 eligendo
2587 1730 2846 1800 tertium
2877 1748 3027 1800 sunt

775 1840 1133 1927 discordeS,
1197 1843 1553 1912 secundum
1622 1843 2015 1912 voluntatem
2093 1841 2205 1911 viri
2265 1841 2651 1913 venerabilis
2689 1841 3019 1936 L[eberti],

776 1958 1002 2028 decani
1028 1958 1538 2037 AurelianensiS‚
1570 1954 1729 2047 ipsis
1769 1955 1996 2027 tertius
2042 1959 2450 2048 adjungetur.
2491 1961 2620 2028 Nos
2658 1971 2904 2041 autem,
2945 1959 3025 2027 ad

776 2070 1158 2141 instanciam
1199 2084 1262 2141 et
1301 2069 1693 2161 peticionem
1735 2083 1863 2139 tam
1904 2070 2129 2161 prelati
2184 2071 2443 2163 capituli
2484 2093 2674 2163 quam
2707 2072 3021 2143 dictorum

774 2187 1136 2264 hominum,
1188 2184 1541 2275 predictam
1582 2185 2232 2274 compromissionem
2273 2188 2703 2276 approbamus
2763 2199 2828 2257 et
2871 2208 3028 2256 con-

776 2301 1130 2380 firmamus,
1175 2313 1496 2369 reservata
1531 2301 1725 2369 nobis
1767 2297 2232 2370 nichilominus
2273 2312 2589 2384 potestate
2617 2298 3023 2372 animadver-

774 2413 951 2483 tendi
992 2426 1123 2482 tam
1164 2418 1231 2482 in
1268 2414 1517 2483 dictum
1551 2412 1905 2504 capitulum
1934 2436 2124 2503 quam
2157 2418 2224 2484 in
2268 2416 2592 2506 sepefatos
2623 2413 2923 2485 homines
2961 2419 3019 2485 si

775 2525 897 2616 ipsi
946 2528 1111 2596 forte
1163 2547 1196 2595 a
1262 2525 1546 2618 predicta
1609 2528 2101 2617 composicione
2170 2526 2514 2598 resilirent.
2574 2532 2643 2598 In
2710 2531 2893 2619 cujus
2934 2527 3020 2599 rei

776 2643 1222 2710 testimonium
1292 2653 1660 2731 presentem
1729 2645 2030 2732 paginam
2096 2644 2328 2712 confici
2381 2657 2443 2712 et
2484 2643 2846 2732 sigillorum
2884 2664 3023 2711 nos·
3119 2732 3124 2741 ἱ

776 2769 1022 2825 trorum
1101 2753 1462 2826 munimine
1529 2754 1800 2826 fecimus
1869 2754 2176 2826 roborari.
2244 2760 2467 2828 Actum
2533 2778 2704 2827 atino
2769 2754 3021 2827 Domini

776 2873 932 2941 MCC
985 2885 1211 2941 octavo
1269 2870 1552 2955 decimo,
1596 2893 1823 2943 mense
1874 2872 2227 2954 novembri,
2279 2876 2547 2944 sabbato
2587 2884 2735 2965 post
2791 2875 3020 2944 testum

776 2983 980 3055 sancti
1006 2984 1285 3057 Martini.

1731 3318 2076 3381 CLXXVIII

1382 3602 1393 3610 '
1456 3587 1757 3665 OrleanS,
1790 3590 1869 3654 26
1899 3591 2349 3672 jamim-1219

775 3821 1048 3876 Sentence
1076 3817 1340 3874 arbitrale
1386 3817 1457 3873 de
1503 3816 1683 3873 l’abbe
1731 3818 1802 3873 de
1859 3819 1912 3873 la
1958 3819 2298 3884 Gour-Dieu,
2359 3818 2429 3874 de
2480 3818 2742 3891 Vulgi-in,
2784 3818 2924 3876 abbe
2952 3819 3017 3875 de

845 3914 1296 3991 Saint-Euverte,
1330 3918 1385 3969 et
1411 3913 1482 3968 de
1512 3913 1717 3985 Payen‚
1751 3914 2090 3986 sous-doyen
2122 3914 2191 3970 de
2217 3914 2632 3982 sainte-Groix,
2662 3915 2892 3971 relative
2913 3929 3017 3970 aux

843 4010 1023 4064 dimes
1052 4008 1122 4065 de
1150 4008 1243 4062 vin
1272 4009 1342 4064 de
1371 4007 1602 4079 Mardis,
1635 4008 2014 4064 condamnant
2043 4010 2127 4064 les
2152 4011 2409 4066 hommes
2450 4010 2521 4065 de
2549 4010 2764 4066 Max-die
2787 4011 2820 4066 ὰ
2853 4026 3015 4082 payer

844 4123 918 4163 au
960 4107 1213 4178 chapitre
1260 4121 1370 4161 une
1410 4105 1560 4161 dime
1603 4105 1870 4161 annuelle
1918 4106 1989 4161 de
2035 4107 2174 4163 trois
2229 4127 2260 4161 ‹
2293 4107 2491 4178 lagene
2525 4124 2555 4160 ›
2582 4123 2685 4179 par
2722 4112 2939 4179 arpent,
2962 4112 3015 4163 et

845 4203 952 4260 300
969 4203 1137 4258 livres
1159 4202 1361 4275 parisis
1391 4218 1464 4258 en
1492 4202 1638 4259 deux
1666 4206 1875 4258 termes
1904 4218 2126 4259 comme
2145 4203 2454 4259 indemnite
2482 4219 2629 4276 pour
2656 4204 2711 4259 le
2738 4204 2918 4275 passe.

919 4349 1098 4420 (Orig.
1128 4366 1176 4406 s.
1206 4349 1401 4421 puch.
1425 4349 1597 4406 Arch.
1630 4349 1708 4406 du
1739 4349 1950 4420 Loiret,
1991 4348 2058 4405 G.
2087 4349 2191 4406 347
2216 4336 2510 4419 {mention
2539 4348 2874 4420 Scriptum).

866 4567 1083 4635 Frater
1121 4564 1506 4648 Willelmus,
1551 4564 1738 4637 Curie
1767 4567 1913 4649 Dei,
1959 4580 2022 4637 et
2070 4565 2439 4657 Vulgrinus,
2496 4565 2712 4637 Sancti
2769 4564 3010 4639 Evurcii

783 4677 1262 4749 Aurelianensis
1291 4677 1442 4749 dicti
1484 4680 1779 4764 abbates,
1819 4693 1882 4750 et
1926 4680 2296 4773 P[aganus],
2359 4682 2772 4753 subdecanus
2828 4686 3013 4752 Aure-
