3485 5571
1397 683 1760 752 -413—

436 833 571 902 pro
621 812 895 902 quadam
954 809 1214 902 grangia
1265 815 1432 903 apud
1473 816 1689 884 Meson
1741 812 1997 885 Giraudi
2059 813 2371 888 facienda.
2425 819 2503 888 Et
2546 817 2693 910 quia

435 947 582 996 non
609 927 906 996 volumus
944 947 1065 996 nec
1110 924 1505 997 intendimus
1544 930 1716 1018 quod
1757 926 1930 1000 dicto
1969 928 2231 1002 domino
2282 929 2415 1022 regi
2445 930 2702 1024 aliquod

433 1037 871 1130 prejudicium
931 1061 1126 1132 super
1189 1043 1314 1112 hoc
1383 1055 1754 1132 generetur,
1831 1041 2044 1114 eidem
2124 1058 2380 1116 nostras
2454 1045 2701 1119 litteras

433 1153 748 1225 duximus
786 1157 1259 1226 concedendas.
1324 1159 1551 1227 Actum
1613 1179 1785 1229 anno
1838 1155 2096 1230 Domini
2144 1161 2416 1245 MCCLX,
2473 1183 2702 1234 mense

433 1267 793 1340 februario.

1481 1628 1672 1692 CCCX

1327 1905 1403 1969 27
1453 1906 1616 1969 avril
1658 1905 1814 1969 1261

431 2155 829 2228 Approbation
866 2155 935 2212 de
963 2157 1124 2214 l’acte
1144 2157 1366 2214 suivant
1393 2162 1450 2215 et
1478 2159 1935 2216 amortissement
1964 2159 2061 2215 des
2088 2158 2288 2215 choses
2316 2157 2567 2213 vendues
2597 2173 2700 2229 par

510 2252 708 2309 Pierre
745 2258 802 2308 et
830 2253 1044 2310 Aubert
1094 2254 1165 2310 de
1201 2254 1505 2327 Villepion‚
1555 2258 1837 2329 premier-s
1875 2257 2187 2328 seigneurs,
2237 2271 2370 2311 avec
2416 2255 2698 2326 quittance

517 2350 593 2404 de
623 2350 694 2406 80
717 2350 885 2408 livres
912 2351 1115 2423 parisis
1143 2368 1307 2421 reous
1336 2352 1411 2407 du
1451 2353 1703 2427 chapitre
1729 2370 1879 2427 pour
1925 2354 1977 2409 le
2020 2354 2182 2426 quint
2224 2357 2279 2409 et
2327 2351 2699 2407 l'amortisse-

517 2450 696 2501 ment.

919 2544 1092 2616 (Orig.
1123 2562 1169 2602 s.
1201 2546 1392 2617 parch.
1424 2545 1596 2602 Arch.
1630 2546 1707 2602 du
1731 2546 1940 2616 Loiret,
1973 2545 2223 2620 (ἴῃ-365.)

534 2760 858 2836 Universis
919 2777 1256 2857 presentes
1330 2765 1578 2838 litteras
1659 2764 2075 2857 inspecturis,
2158 2761 2451 2838 officialis
2519 2760 2698 2836 curie

435 2876 922 2950 Aurelianensis
987 2882 1259 2952 salutem
1287 2878 1352 2951 in
1409 2881 1711 2952 Domino.
1765 2879 2079 2952 Noveritis
2135 2881 2306 2972 quod
2351 2878 2415 2949 in
2476 2891 2698 2950 nostra

435 2991 769 3085 presentia
823 2992 1156 3065 constituti
1209 2997 1435 3067 Petrus
1488 2997 1569 3067 de
1629 2993 1998 3087 Villaripion
2055 3007 2118 3066 et
2171 2997 2513 3076 imbertus,
2556 2994 2697 3084 ejus

434 3109 660 3195 frater,
703 3106 965 3193 milite8‚
1007 3107 1454 3182 vendicionem
1482 3112 1715 3181 factam
1742 3109 2218 3181 venerabilibus
2258 3107 2411 3180 viris
2451 3110 2698 3178 decano

436 3235 506 3294 et
576 3221 856 3314 capitulo
929 3221 1496 3296 Aurelianensibus
1547 3246 1582 3296 a
1623 3226 1903 3296 Roberto
1957 3226 2037 3295 de
2103 3221 2408 3294 Froevilla
2464 3220 2696 3305 milite,

434 3336 741 3410 videlicet
768 3340 1001 3411 domus
1041 3353 1107 3410 et
1130 3337 1340 3410 tocius
1378 3351 1545 3411 terre
1582 3338 1840 3410 arabilis
1883 3338 2228 3409 imbladate
2278 3350 2342 3408 et
2390 3358 2520 3408 non
2577 3334 2699 3406 im-

437 3454 720 3539 bladam,
756 3475 946 3545 quam
986 3476 1058 3525 se
1092 3456 1329 3525 habere
1364 3451 1620 3525 dicebat
1648 3451 1821 3525 idem
1873 3453 2189 3524 Robertus
2235 3452 2402 3542 apud
2460 3454 2694 3533 Mores,

437 3563 505 3636 in
538 3566 868 3658 parrochia
898 3570 976 3640 de
1000 3569 1301 3654 Rovreio‘‚
1324 3609 1414 3621 —
1430 3580 1618 3659 prout
1647 3566 2016 3639 continetur
2032 3563 2342 3637 inlitteris
2366 3564 2698 3636 reverendi

440 3685 649 3772 patris
695 3680 982 3774 episcopi
1024 3681 1434 3755 Carnotensis
1489 3701 1685 3773 super
1738 3683 1860 3752 hac
1912 3678 2293 3752 vendicione
2354 3678 2694 3762 confectiS,

440 3818 569 3886 que
631 3794 727 3868 sic
783 3795 1131 3888 incipiunt:
1180 3799 1263 3867 P.
1316 3798 1547 3867 divina
1599 3796 2014 3866 miseracione
2064 3795 2482 3866 Carnotensis
2530 3797 2699 3885 epis-

440 3933 633 4003 copus
670 3924 734 3982 et
784 3924 1022 3995 cetera,
1065 3924 1128 3982 et
1195 3911 1290 3981 sic
1338 3909 1761 3981 terminantur
1806 3934 1821 3980 ε
1874 3912 2119 3981 Datum
2179 3932 2353 3980 anno
2414 3910 2703 3979 Domini

441 4027 788 4097 millesimo
826 4027 1249 4096 ducentesimo
1285 4028 1674 4114 sexayesimo
1704 4027 1939 4116 primo,
1984 4047 2197 4094 mense
2214 4026 2413 4106 maio,
2438 4063 2521 4077 —
2563 4046 2700 4095 mo-

441 4153 699 4211 ventem
734 4140 814 4211 de
851 4143 1036 4211 feodo
1065 4141 1380 4211 dictorum
1425 4141 1725 4222 militum,
1771 4141 2219 4222 laudaverunt,
2266 4138 2699 4228 quittaverunt

450 4266 514 4322 et
545 4251 736 4324 etiam
797 4252 1421 4324 admortificaverunt
1465 4252 1658 4324 dictis
1698 4255 1946 4324 decano
1999 4266 2062 4324 et
2094 4251 2374 4343 capitulo
2410 4250 2694 4322 Aurelia-

444 4367 782 4452 nensibus,
860 4380 1182 4455 tamquam
1259 4366 1445 4458 primi
1515 4365 1759 4437 domini
1837 4368 2145 4451 feodaleS‚
2213 4367 2431 4456 precio
2474 4378 2698 4457 quater

444 4483 666 4577 viginti
719 4486 1022 4557 librarum
1089 4483 1566 4577 parisiensium,
1621 4500 1755 4556 tum
1822 4508 1936 4577 pro
1972 4483 2196 4576 quiont
2233 4480 2518 4568 denario,
2561 4496 2698 4552 tum

445 4600 635 4671 etiam
662 4623 778 4693 pro
815 4598 1413 4688 admortificatione,
1448 4602 1528 4671 de
1550 4600 1785 4691 quibus
1814 4622 1886 4672 se
1912 4610 2256 4671 tenuerunt
2280 4596 2433 4669 dicti
2474 4600 2699 4669 fratres

448 4737 657 4788 coram
699 4717 886 4788 nobis
968 4717 1215 4809 integre
1283 4738 1397 4807 pro
1457 4715 1704 4809 pagatis
1758 4714 1823 4786 in
1878 4713 2153 4807 pecunia
2191 4725 2549 4802 numerata,
2598 4735 2698 4786 re-
