3485 5571
1486 999 1579 1059 CL

1341 1275 1495 1337 suin
1541 1273 1699 1339 1208

397 1528 683 1584 Donation
711 1543 814 1600 par
836 1529 1219 1585 l’archidiacre
1249 1530 1484 1586 Etienne
1514 1530 1584 1586 de
1627 1530 1699 1587 40
1734 1531 1931 1601 livres,
1982 1531 2120 1587 dont
2172 1531 2256 1588 les
2306 1547 2548 1588 revenus
2596 1549 2657 1588 se

470 1624 883 1681 distribueront
904 1642 1012 1681 aux
1056 1626 1465 1683 anniversaires
1495 1628 1564 1683 de
1593 1644 1683 1683 ses
1721 1634 1951 1698 parents
2000 1629 2209 1684 durent
2249 1645 2311 1684 sa
2365 1628 2476 1700 vie,
2527 1629 2654 1699 puis

469 1737 548 1776 au
573 1736 717 1778 sien.

1049 1818 1409 1890 (Orig.Arch.
1443 1819 1521 1875 du
1546 1819 1756 1891 Loiret,
1789 1821 1856 1877 G.
1885 1819 2013 1888 440)

489 2041 639 2126 Ego
677 2038 869 2107 Fuleo
894 2039 1177 2108 decanus
1205 2050 1537 2128 totumque
1587 2041 1820 2110 Sancte
1873 2037 2094 2110 Crucis
2169 2039 2658 2111 Aurelianensis

397 2149 759 2241 capitulum
797 2153 1102 2223 omnihus
1145 2166 1478 2243 presentes
1510 2153 1756 2224 litteras
1805 2152 2200 2248 inspecturis
2232 2167 2459 2225 notum
2490 2155 2659 2224 saci-

398 2286 550 2335 mus
591 2263 897 2335 dilectum
938 2268 1193 2337 tratrem
1220 2280 1285 2336 et
1310 2265 1820 2338 concanonicum
1872 2280 2164 2338 nostrum
2225 2270 2652 2359 Stephanum,

399 2377 930 2450 Aurelianensem
973 2378 1522 2464 archidiaconum,
1557 2380 1746 2452 nohis
1798 2380 2214 2472 quadraginta
2257 2380 2452 2452 libras
2489 2380 2659 2473 pari-

399 2492 722 2564 siensium
761 2493 825 2562 in
852 2492 1271 2565 elemosinam
1300 2494 1684 2582 contulisse,
1747 2518 1825 2567 eo
1874 2509 2097 2567 tenore
2173 2494 2422 2567 scilicet
2483 2498 2659 2587 quod

400 2628 638 2678 omnes
678 2621 1024 2697 proventus
1062 2613 1409 2680 earundem
1455 2608 1760 2700 quamdiu
1804 2609 2024 2680 vixerit
2078 2608 2143 2679 in
2183 2608 2381 2701 patris
2433 2610 2532 2679 sui
2595 2622 2661 2680 et

403 2724 638 2794 matris
667 2744 782 2794 sue
822 2722 1263 2796 anniversario
1303 2723 1602 2796 distribui
1642 2724 1954 2797 faciemus
2027 2729 2177 2797 Post
2233 2723 2439 2817 ipsius
2505 2747 2658 2796 vero

404 2839 753 2909 decessum
794 2835 1098 2928 quicquid
1131 2836 1279 2909 inde
1309 2839 1679 2930 provenerit
1707 2839 1769 2908 in
1815 2837 2069 2931 proprio
2114 2837 2318 2930 ipsius
2363 2838 2661 2910 anniver-

403 2952 579 3022 sario
622 2949 871 3042 integre
923 2949 1259 3023 dividetur.
1331 2955 1516 3039 Quod
1582 2966 1650 3023 ut
1707 2967 1917 3023 ratum
1960 2966 2026 3023 et
2061 2966 2283 3023 notum
2353 2955 2662 3023 habeatur

404 3064 601 3156 sigilli
664 3067 870 3136 nostri
940 3064 1313 3137 testimonio
1373 3066 1643 3139 fecimus
1717 3065 2129 3138 communiri.
2198 3071 2423 3138 Actum
2489 3088 2659 3137 anno

403 3177 624 3270 gracie
668 3181 824 3249 MCC
870 3192 1120 3265 octavo,
1156 3202 1379 3252 mense
1399 3180 1610 3272 junio.

1477 3520 1597 3582 CLI

1254 3800 1306 3860 N
1312 3798 1624 3862 ovemhre
1672 3796 1831 3860 1208

409 4027 793 4101 composition
819 4032 977 4083 entre
1005 4025 1059 4083 le
1081 4026 1331 4098 chapitre
1371 4031 1426 4082 et
1466 4025 1776 4082 Milesende
1832 4025 1930 4080 des
1978 4023 2123 4081 Jnifs
2168 4028 2223 4079 et
2274 4040 2364 4080 ses
2405 4023 2665 4080 heritiers

477 4125 868 4181 relativement
893 4139 966 4178 au
996 4128 1120 4195 past
1149 4128 1205 4179 et
1232 4138 1305 4178 au
1349 4122 1541 4208 charoi
1575 4137 1589 4188 ;
1639 4122 1709 4177 ils
1755 4121 2134 4177 construiront
2176 4125 2341 4175 avant
2386 4120 2441 4175 la
2477 4121 2665 4177 Saint-

477 4222 622 4278 Jean
651 4236 764 4277 une
792 4219 1004 4276 hostise
1032 4221 1090 4275 et
1116 4220 1375 4290 paieront
1395 4218 1427 4274 7
1454 4234 1587 4274 sous
1618 4218 1819 4290 parisis
1839 4233 1943 4290 par
1970 4233 2065 4272 an.

700 4367 877 4439 (Orig.
904 4367 1074 4423 Arch.
1107 4366 1186 4422 du
1214 4365 1428 4436 Loiret,
1455 4366 1523 4421 G.
1558 4363 1666 4419 376
1690 4382 1703 4418 :
1748 4365 1999 4420 mention
2028 4363 2367 4434 Scriptum).

503 4559 917 4654 Baginaldus,
960 4560 1076 4631 Dei
1114 4558 1312 4650 gratia
1354 4555 1768 4629 Carnotensis
1807 4555 2179 4648 episcopus,
2229 4554 2528 4627 omnihus
2582 4558 2660 4626 ad

419 4698 581 4765 quos
621 4687 956 4767 presentes
996 4673 1207 4746 littere
1233 4671 1638 4766 pervenerint
1677 4673 1951 4742 salutem
1981 4669 2046 4740 in
2096 4668 2394 4741 Domino.
2455 4672 2662 4741 Nove-
