3485 5571
1477 1038 1625 1100 CLll

1115 1360 1418 1439 Orleans,
1445 1364 1809 1428 novembre
1832 1364 1994 1429 1209

430 1638 649 1695 Accord
666 1643 827 1694 entre
850 1638 1393 1710 Philippe-Auguste
1422 1644 1476 1695 et
1500 1639 1581 1695 les
1612 1638 1917 1695 chanoines
1941 1638 2012 1695 de
2039 1638 2420 1695 Sainte-Groix
2446 1640 2500 1694 ¹:
2530 1640 2582 1694 le
2600 1639 2687 1695 roi

501 1748 769 1805 percevra
797 1735 940 1790 dans
967 1735 1094 1791 leur
1110 1736 1486 1806 Bourg-Neuf
1513 1736 1568 1791 la
1599 1736 1753 1792 taille
1774 1735 2039 1791 annuelle
2067 1736 2143 1791 du
2172 1737 2303 1807 pain
2332 1742 2385 1792 et
2410 1735 2488 1791 du
2514 1737 2607 1792 vin
2634 1740 2688 1791 et

502 1848 535 1903 y
558 1846 700 1888 aura
728 1831 878 1888 droit
905 1832 974 1887 de
1004 1833 1177 1905 prise,
1208 1833 1351 1889 mais
1380 1834 1432 1889 la
1460 1834 1633 1889 haute
1655 1833 1864 1904 justice
1894 1848 2023 1888 sera
2048 1848 2370 1889 commune.

562 1975 711 2047 (Bib.
739 1975 867 2032 Nat.
892 1977 1031 2033 Coll.
1055 1978 1284 2033 Moreau
1313 1976 1420 2033 112
1446 1996 1459 2031 :
1488 1975 1615 2043 220,
1643 1976 1864 2048 d’apres
1887 1975 1941 2031 le
1969 1975 2270 2032 cartulaire
2297 1977 2345 2031 1⁸⁰
2369 1976 2442 2034 36
2470 1988 2550 2031 vo.

971 2073 1141 2145 Copie
1165 2075 1240 2130 de
1263 2075 1408 2130 Dom
1438 2073 1645 2139 Gerou,
1679 2072 1750 2127 27
1779 2086 1938 2128 mars
1961 2071 2149 2141 1765.)

526 2286 886 2380 Philippus,
926 2288 1040 2360 Dei
1102 2288 1300 2380 gratia
1366 2292 1753 2360 Francorum
1826 2312 1960 2361 rex.
2027 2290 2328 2361 Noverint
2406 2288 2686 2361 universi

432 2416 777 2493 presentes
809 2405 1044 2494 pariter
1074 2415 1137 2474 et
1163 2401 1352 2474 futuri
1402 2404 1573 2493 quod
1623 2425 1773 2474 cum
1804 2402 1976 2475 inter
2014 2426 2157 2485 noS‚
2189 2426 2265 2475 ex
2296 2427 2420 2475 uua
2467 2417 2676 2496 parte,

432 2531 497 2588 et
522 2519 874 2588 Fulconem
908 2519 1219 2588 decanum
1244 2529 1309 2588 et
1348 2516 1692 2608 capitulum
1736 2522 1969 2589 Sancte
2008 2519 2235 2589 Crucis
2283 2518 2691 2590 Aurelianen-

434 2627 555 2713 sis,
598 2652 677 2701 ex
719 2631 941 2712 altera,
1011 2651 1206 2722 super
1258 2631 1399 2700 vico
1440 2652 1663 2700 eorum
1735 2630 1842 2721 qui
1898 2634 2145 2721 Burgus
2204 2652 2409 2702 novus
2454 2629 2687 2701 dicitur

434 2742 773 2815 contentio
796 2755 1149 2815 verteretur
1201 2764 1395 2835 super
1440 2746 1563 2814 hoc
1631 2746 1803 2835 quod
1853 2742 2040 2815 annis
2093 2742 2366 2836 singulis
2442 2742 2680 2815 talliam

434 2858 626 2951 panis
660 2872 727 2929 et
764 2855 896 2928 vini
944 2880 1196 2929 necnon
1259 2871 1324 2929 et
1391 2880 1648 2928 omnem
1718 2856 1908 2929 aliam
1966 2858 2254 2949 prisiam,
2319 2860 2489 2929 sicut
2546 2881 2685 2929 eam

434 2976 756 3045 habemus
795 2971 858 3040 in
899 2973 1342 3043 Aurelianensi
1384 2971 1670 3055 civitate,
1699 2995 1996 3063 maguam
2049 2993 2308 3063 quoque
2370 2970 2685 3062 justitiam

434 3086 499 3156 in
541 3088 774 3158 eodem
816 3084 954 3156 vico
1021 3085 1340 3176 propriam
1394 3088 1917 3168 reclamaremuS‚
1961 3084 2268 3176 predictis
2341 3087 2587 3157 decano
2625 3101 2691 3157 et

432 3200 724 3293 capitulo
763 3199 1150 3270 contrarium
1187 3197 1651 3282 asserentibus»,
1684 3202 1944 3270 tandem
1970 3199 2035 3268 iu
2074 3203 2249 3270 hunc
2278 3201 2537 3271 modum
2571 3203 2691 3271 tuit

433 3314 575 3406 ipsa
619 3313 947 3385 contentio
988 3312 1349 3384 terminata.
1390 3317 1518 3384 Nos
1553 3312 1734 3403 panis
1777 3311 2002 3390 etvini
2048 3316 2288 3383 talliam
2336 3312 2402 3384 in
2460 3316 2691 3384 eodem

431 3430 582 3501 vico
649 3427 922 3518 singuiis
960 3428 1146 3498 annis
1190 3427 1641 3519 percipiemus,
1684 3449 2076 3518 omnemque
2115 3425 2375 3517 prisiam
2417 3425 2585 3498 sicut
2625 3425 2690 3497 in

432 3540 931 3635 Aurel[ianensi]
974 3541 1227 3612 civitate
1277 3563 1420 3612 eam
1477 3544 1790 3612 habemus
1850 3540 1913 3610 in
1993 3540 2134 3631 ipso
2193 3539 2333 3611 vico
2395 3539 2695 3612 similiter

431 3680 672 3730 sumus
712 3656 1016 3727 habituri.
1058 3659 1151 3726 De
1193 3678 1419 3746 magua
1469 3678 1620 3726 vero
1686 3655 1860 3725 illius
1915 3653 2035 3724 vici
2100 3653 2369 3746 justitia,
2434 3654 2530 3725 sic
2594 3669 2696 3726 est

433 3772 879 3862 compositum
913 3772 1082 3860 quod
1112 3770 1299 3842 nobis
1330 3784 1391 3842 et
1419 3770 1591 3841 dicto
1627 3770 1906 3861 capitulo
1945 3769 2376 3840 communiter
2410 3783 2471 3840 et
2502 3792 2695 3859 equa-

433 3888 587 3957 liter
626 3881 1006 3970 remanebit,
1050 3883 1134 3954 ita
1174 3886 1343 3975 quod
1394 3886 1473 3954 ab
1511 3881 1852 3954 assisiariis
1907 3881 2147 3953 nostris
2202 3882 2313 3973 qui
2368 3903 2485 3974 pro
2536 3895 2696 3952 tem-

433 4022 599 4094 pore
631 3995 1122 4068 Aurelianenses
1162 4000 1472 4069 tenebunt
1508 3995 1773 4067 assisias
1802 4011 1866 4067 et
1904 3998 1984 4068 ab
2023 3997 2169 4086 ipso
2236 3994 2516 4087 capitulo
2556 4018 2696 4068 ser-

435 4113 629 4184 viens
683 4110 942 4202 quidam
1012 4110 1198 4182 annis
1262 4110 1535 4201 singulis
1609 4110 1882 4202 eligetur
1963 4110 2069 4201 qui
2136 4108 2325 4181 nobis
2382 4122 2446 4181 et
2519 4110 2694 4181 dicto

434 4226 725 4319 capitulo
766 4227 1058 4296 eamdem
1091 4226 1462 4296 fidelitatem
1526 4224 1742 4308 saciet,
1784 4238 1850 4295 et
1883 4237 2013 4296 tam
2052 4223 2240 4294 nobis
2306 4245 2495 4314 quam
2572 4222 2695 4315 ipsi

518 4588 540 4624 ¹
581 4587 755 4643 Arch.
813 4586 965 4656 Nat„
1011 4586 1061 4643 J.
1103 4586 1253 4643 170:
1299 4585 1354 4641 3.
1409 4587 1626 4641 Lettres
1671 4585 1972 4656 originales
2013 4584 2084 4639 de
2117 4586 2170 4640 la
2218 4583 2406 4639 meme
2442 4582 2591 4654 date,
2620 4581 2696 4638 du

438 4678 627 4750 doyen
654 4676 939 4749 Foulques
966 4682 1025 4733 et
1051 4676 1128 4732 du
1155 4676 1429 4748 chapitre,
1456 4675 1712 4731 relatives
1740 4677 1776 4731 a
1804 4680 1892 4732 cet
1919 4673 2147 4731 accord.
