<?xml version="1.0" encoding="UTF-8"?>
<!DOCTYPE html PUBLIC "-//W3C//DTD XHTML 1.0 Transitional//EN"
    "http://www.w3.org/TR/xhtml1/DTD/xhtml1-transitional.dtd">
<html xmlns="http://www.w3.org/1999/xhtml" xml:lang="en" lang="en">
 <head>
  <title>
</title>
<meta http-equiv="Content-Type" content="text/html;charset=utf-8" />
  <meta name='ocr-system' content='tesseract 3.04.00' />
  <meta name='ocr-capabilities' content='ocr_page ocr_carea ocr_par ocr_line ocrx_word'/>
</head>
<body>
  <div class='ocr_page' id='page_1' title='image "./cartulairedesai00thilgoog_0417.png"; bbox 0 0 3485 5571; ppageno 0'>
   <div class='ocr_carea' id='block_1_1' title="bbox 1384 678 1741 741">
    <p class='ocr_par' dir='ltr' id='par_1_1' title="bbox 1384 678 1741 741">
     <span class='ocr_line' id='line_1_1' title="bbox 1384 678 1741 741; baseline -0.003 0"><span class='ocrx_word' id='word_1_1' title='bbox 1384 678 1741 741; x_wconf 72' lang='lat'><strong>—237—</strong></span> 
     </span>
    </p>
   </div>
   <div class='ocr_carea' id='block_1_2' title="bbox 424 805 2691 4774">
    <p class='ocr_par' dir='ltr' id='par_1_2' title="bbox 424 805 2691 4774">
     <span class='ocr_line' id='line_1_2' title="bbox 433 805 2684 898; baseline -0.001 -19"><span class='ocrx_word' id='word_1_2' title='bbox 433 812 671 880; x_wconf 78' lang='lat' dir='ltr'>Sancte</span> <span class='ocrx_word' id='word_1_3' title='bbox 710 806 931 880; x_wconf 79' lang='lat' dir='ltr'>Crucis</span> <span class='ocrx_word' id='word_1_4' title='bbox 973 808 1073 878; x_wconf 88' lang='lat' dir='ltr'>vel</span> <span class='ocrx_word' id='word_1_5' title='bbox 1135 806 1201 876; x_wconf 93' lang='lat' dir='ltr'>in</span> <span class='ocrx_word' id='word_1_6' title='bbox 1242 805 1382 898; x_wconf 91' lang='lat' dir='ltr'>ipsa</span> <span class='ocrx_word' id='word_1_7' title='bbox 1432 805 1692 897; x_wconf 89' lang='lat' dir='ltr'>majoria</span> <span class='ocrx_word' id='word_1_8' title='bbox 1741 808 1841 877; x_wconf 86' lang='lat' dir='ltr'>vel</span> <span class='ocrx_word' id='word_1_9' title='bbox 1904 805 2204 896; x_wconf 81' lang='lat' dir='ltr'>predictis</span> <span class='ocrx_word' id='word_1_10' title='bbox 2270 808 2461 877; x_wconf 88' lang='lat' dir='ltr'>rebus</span> <span class='ocrx_word' id='word_1_11' title='bbox 2512 805 2684 888; x_wconf 88' lang='lat' dir='ltr'>aliis,</span> 
     </span>
     <span class='ocr_line' id='line_1_3' title="bbox 431 918 2684 1014; baseline -0 -22"><span class='ocrx_word' id='word_1_12' title='bbox 431 921 573 1014; x_wconf 88' lang='lat' dir='ltr'>ipse</span> <span class='ocrx_word' id='word_1_13' title='bbox 612 924 711 992; x_wconf 92' lang='lat' dir='ltr'>vel</span> <span class='ocrx_word' id='word_1_14' title='bbox 742 923 1053 992; x_wconf 89' lang='lat' dir='ltr'>heredum</span> <span class='ocrx_word' id='word_1_15' title='bbox 1118 942 1379 991; x_wconf 90' lang='lat' dir='ltr'>suornm</span> <span class='ocrx_word' id='word_1_16' title='bbox 1447 918 1679 1010; x_wconf 90' lang='lat' dir='ltr'>aliquis</span> <span class='ocrx_word' id='word_1_17' title='bbox 1742 918 1938 991; x_wconf 78' lang='lat' dir='ltr'><strong>nichil</strong></span> <span class='ocrx_word' id='word_1_18' title='bbox 2000 919 2264 991; x_wconf 93' lang='lat' dir='ltr'>omnino</span> <span class='ocrx_word' id='word_1_19' title='bbox 2311 921 2547 1011; x_wconf 87' lang='lat' dir='ltr'>poterit</span> <span class='ocrx_word' id='word_1_20' title='bbox 2604 922 2684 992; x_wconf 92' lang='lat' dir='ltr'>de</span> 
     </span>
     <span class='ocr_line' id='line_1_4' title="bbox 432 1032 2685 1126; baseline -0.002 -19"><span class='ocrx_word' id='word_1_21' title='bbox 432 1050 652 1107; x_wconf 88' lang='lat' dir='ltr'>cetero</span> <span class='ocrx_word' id='word_1_22' title='bbox 676 1037 1048 1117; x_wconf 86' lang='lat' dir='ltr'>reclamare,</span> <span class='ocrx_word' id='word_1_23' title='bbox 1079 1038 1203 1106; x_wconf 88' lang='lat' dir='ltr'>hoc</span> <span class='ocrx_word' id='word_1_24' title='bbox 1233 1046 1445 1105; x_wconf 90' lang='lat' dir='ltr'>tamen</span> <span class='ocrx_word' id='word_1_25' title='bbox 1473 1047 1742 1124; x_wconf 87' lang='lat' dir='ltr'>excepto</span> <span class='ocrx_word' id='word_1_26' title='bbox 1781 1036 1979 1124; x_wconf 90' lang='lat' dir='ltr'>quod,</span> <span class='ocrx_word' id='word_1_27' title='bbox 2007 1032 2068 1103; x_wconf 89' lang='lat' dir='ltr'>in</span> <span class='ocrx_word' id='word_1_28' title='bbox 2109 1032 2481 1105; x_wconf 87' lang='lat' dir='ltr'>nemoribus</span> <span class='ocrx_word' id='word_1_29' title='bbox 2511 1056 2685 1126; x_wconf 76' lang='lat' dir='ltr'>capu-</span> 
     </span>
     <span class='ocr_line' id='line_1_5' title="bbox 430 1146 2682 1241; baseline -0 -23"><span class='ocrx_word' id='word_1_30' title='bbox 430 1148 548 1220; x_wconf 91' lang='lat' dir='ltr'>tuli</span> <span class='ocrx_word' id='word_1_31' title='bbox 590 1148 872 1221; x_wconf 83' lang='lat' dir='ltr'>Sarcotis</span> <span class='ocrx_word' id='word_1_32' title='bbox 902 1146 1235 1241; x_wconf 82' lang='lat' dir='ltr'>proximis,</span> <span class='ocrx_word' id='word_1_33' title='bbox 1275 1146 1604 1219; x_wconf 89' lang='lat' dir='ltr'>usuarium</span> <span class='ocrx_word' id='word_1_34' title='bbox 1646 1171 1836 1219; x_wconf 87' lang='lat' dir='ltr'>suum</span> <span class='ocrx_word' id='word_1_35' title='bbox 1875 1150 2000 1219; x_wconf 89' lang='lat' dir='ltr'>hoc</span> <span class='ocrx_word' id='word_1_36' title='bbox 2053 1161 2275 1219; x_wconf 88' lang='lat' dir='ltr'>tenore</span> <span class='ocrx_word' id='word_1_37' title='bbox 2324 1147 2468 1219; x_wconf 81' lang='lat' dir='ltr'>sibi.</span> <span class='ocrx_word' id='word_1_38' title='bbox 2524 1147 2682 1219; x_wconf 88' lang='lat' dir='ltr'>deti-</span> 
     </span>
     <span class='ocr_line' id='line_1_6' title="bbox 430 1261 2687 1355; baseline 0 -22"><span class='ocrx_word' id='word_1_39' title='bbox 430 1262 600 1348; x_wconf 90' lang='lat' dir='ltr'>nuit,</span> <span class='ocrx_word' id='word_1_40' title='bbox 646 1267 814 1355; x_wconf 89' lang='lat' dir='ltr'>quod</span> <span class='ocrx_word' id='word_1_41' title='bbox 879 1285 1206 1354; x_wconf 90' lang='lat' dir='ltr'>nunquam</span> <span class='ocrx_word' id='word_1_42' title='bbox 1268 1265 1391 1332; x_wconf 91' lang='lat' dir='ltr'>hoc</span> <span class='ocrx_word' id='word_1_43' title='bbox 1432 1261 1759 1333; x_wconf 88' lang='lat' dir='ltr'>usuarium</span> <span class='ocrx_word' id='word_1_44' title='bbox 1824 1261 2163 1345; x_wconf 81' lang='lat' dir='ltr'>dividetur,</span> <span class='ocrx_word' id='word_1_45' title='bbox 2243 1264 2356 1333; x_wconf 88' lang='lat' dir='ltr'>sed</span> <span class='ocrx_word' id='word_1_46' title='bbox 2429 1285 2687 1353; x_wconf 90' lang='lat' dir='ltr'>semper</span> 
     </span>
     <span class='ocr_line' id='line_1_7' title="bbox 430 1374 2681 1470; baseline -0.002 -22"><span class='ocrx_word' id='word_1_47' title='bbox 430 1381 513 1449; x_wconf 91' lang='lat' dir='ltr'>de</span> <span class='ocrx_word' id='word_1_48' title='bbox 546 1400 930 1470; x_wconf 82' lang='lat' dir='ltr'>possessore</span> <span class='ocrx_word' id='word_1_49' title='bbox 980 1376 1172 1449; x_wconf 88' lang='lat' dir='ltr'>unico</span> <span class='ocrx_word' id='word_1_50' title='bbox 1226 1378 1305 1448; x_wconf 85' lang='lat' dir='ltr'>ad</span> <span class='ocrx_word' id='word_1_51' title='bbox 1368 1378 1628 1447; x_wconf 90' lang='lat' dir='ltr'>unicum</span> <span class='ocrx_word' id='word_1_52' title='bbox 1708 1375 2003 1447; x_wconf 77' lang='lat' dir='ltr'>deveniet</span> <span class='ocrx_word' id='word_1_53' title='bbox 2078 1398 2551 1450; x_wconf 78' lang='lat' dir='ltr'>successorem.</span> <span class='ocrx_word' id='word_1_54' title='bbox 2615 1374 2681 1446; x_wconf 91' lang='lat' dir='ltr'>Si</span> 
     </span>
     <span class='ocr_line' id='line_1_8' title="bbox 429 1488 2684 1582; baseline -0 -22"><span class='ocrx_word' id='word_1_55' title='bbox 429 1515 588 1564; x_wconf 84' lang='lat' dir='ltr'>vero</span> <span class='ocrx_word' id='word_1_56' title='bbox 658 1503 885 1563; x_wconf 89' lang='lat' dir='ltr'>eadem</span> <span class='ocrx_word' id='word_1_57' title='bbox 927 1514 1188 1562; x_wconf 89' lang='lat' dir='ltr'>nemora</span> <span class='ocrx_word' id='word_1_58' title='bbox 1229 1493 1505 1562; x_wconf 89' lang='lat' dir='ltr'>vendere</span> <span class='ocrx_word' id='word_1_59' title='bbox 1546 1488 1824 1582; x_wconf 90' lang='lat' dir='ltr'>capitulo</span> <span class='ocrx_word' id='word_1_60' title='bbox 1860 1489 2192 1580; x_wconf 81' lang='lat' dir='ltr'>placuerit,</span> <span class='ocrx_word' id='word_1_61' title='bbox 2230 1513 2555 1581; x_wconf 86' lang='lat' dir='ltr'>nunquam</span> <span class='ocrx_word' id='word_1_62' title='bbox 2604 1492 2684 1560; x_wconf 91' lang='lat' dir='ltr'>ab</span> 
     </span>
     <span class='ocr_line' id='line_1_9' title="bbox 428 1603 2683 1697; baseline -0.001 -21"><span class='ocrx_word' id='word_1_63' title='bbox 428 1610 718 1678; x_wconf 83' lang='lat' dir='ltr'>Auberto</span> <span class='ocrx_word' id='word_1_64' title='bbox 773 1607 870 1677; x_wconf 89' lang='lat' dir='ltr'>vel</span> <span class='ocrx_word' id='word_1_65' title='bbox 921 1608 1063 1697; x_wconf 86' lang='lat' dir='ltr'>ejus</span> <span class='ocrx_word' id='word_1_66' title='bbox 1125 1604 1613 1676; x_wconf 86' lang='lat' dir='ltr'>successoribus</span> <span class='ocrx_word' id='word_1_67' title='bbox 1683 1607 1912 1674; x_wconf 89' lang='lat' dir='ltr'>borum</span> <span class='ocrx_word' id='word_1_68' title='bbox 1993 1603 2272 1675; x_wconf 89' lang='lat' dir='ltr'>venditio</span> <span class='ocrx_word' id='word_1_69' title='bbox 2344 1626 2683 1676; x_wconf 87' lang='lat' dir='ltr'>nemorum</span> 
     </span>
     <span class='ocr_line' id='line_1_10' title="bbox 428 1717 2683 1813; baseline -0.002 -22"><span class='ocrx_word' id='word_1_70' title='bbox 428 1719 671 1813; x_wconf 90' lang='lat' dir='ltr'>poterit</span> <span class='ocrx_word' id='word_1_71' title='bbox 723 1718 1104 1804; x_wconf 82' lang='lat' dir='ltr'>contradici,</span> <span class='ocrx_word' id='word_1_72' title='bbox 1147 1721 1285 1806; x_wconf 90' lang='lat' dir='ltr'>sed,</span> <span class='ocrx_word' id='word_1_73' title='bbox 1331 1732 1654 1790; x_wconf 85' lang='lat' dir='ltr'>transacto</span> <span class='ocrx_word' id='word_1_74' title='bbox 1698 1732 1846 1810; x_wconf 91' lang='lat' dir='ltr'>post</span> <span class='ocrx_word' id='word_1_75' title='bbox 1885 1732 2209 1810; x_wconf 84' lang='lat' dir='ltr'>peractam</span> <span class='ocrx_word' id='word_1_76' title='bbox 2249 1717 2683 1789; x_wconf 91' lang='lat' dir='ltr'>venditionem</span> 
     </span>
     <span class='ocr_line' id='line_1_11' title="bbox 426 1831 2678 1927; baseline -0.001 -22"><span class='ocrx_word' id='word_1_77' title='bbox 426 1832 900 1927; x_wconf 89' lang='lat' dir='ltr'>quinquennio,</span> <span class='ocrx_word' id='word_1_78' title='bbox 938 1836 1018 1905; x_wconf 88' lang='lat' dir='ltr'>ad</span> <span class='ocrx_word' id='word_1_79' title='bbox 1059 1832 1386 1905; x_wconf 90' lang='lat' dir='ltr'>usuarium</span> <span class='ocrx_word' id='word_1_80' title='bbox 1427 1855 1616 1904; x_wconf 91' lang='lat' dir='ltr'>suum</span> <span class='ocrx_word' id='word_1_81' title='bbox 1642 1832 1810 1904; x_wconf 88' lang='lat' dir='ltr'>sicut</span> <span class='ocrx_word' id='word_1_82' title='bbox 1846 1845 2034 1905; x_wconf 85' lang='lat' dir='ltr'>antea</span> <span class='ocrx_word' id='word_1_83' title='bbox 2073 1831 2272 1904; x_wconf 88' lang='lat' dir='ltr'>libere</span> <span class='ocrx_word' id='word_1_84' title='bbox 2302 1845 2678 1904; x_wconf 88' lang='lat' dir='ltr'>revertetur.</span> 
     </span>
     <span class='ocr_line' id='line_1_12' title="bbox 424 1945 2684 2039; baseline -0.001 -18"><span class='ocrx_word' id='word_1_85' title='bbox 424 1952 618 2021; x_wconf 87' lang='lat' dir='ltr'>Nullo</span> <span class='ocrx_word' id='word_1_86' title='bbox 655 1962 871 2020; x_wconf 91' lang='lat' dir='ltr'>tamen</span> <span class='ocrx_word' id='word_1_87' title='bbox 914 1947 1016 2020; x_wconf 91' lang='lat' dir='ltr'>die</span> <span class='ocrx_word' id='word_1_88' title='bbox 1054 1970 1394 2039; x_wconf 87' lang='lat' dir='ltr'>possessor</span> <span class='ocrx_word' id='word_1_89' title='bbox 1420 1945 1658 2018; x_wconf 89' lang='lat' dir='ltr'>usuarii</span> <span class='ocrx_word' id='word_1_90' title='bbox 1685 1945 1962 2039; x_wconf 91' lang='lat' dir='ltr'>amplius</span> <span class='ocrx_word' id='word_1_91' title='bbox 1992 1969 2183 2038; x_wconf 91' lang='lat' dir='ltr'>quam</span> <span class='ocrx_word' id='word_1_92' title='bbox 2210 1949 2419 2039; x_wconf 75' lang='lat' dir='ltr'>lunam</span> <span class='ocrx_word' id='word_1_93' title='bbox 2460 1948 2527 2017; x_wconf 90' lang='lat' dir='ltr'>in</span> <span class='ocrx_word' id='word_1_94' title='bbox 2557 1946 2684 2018; x_wconf 85' lang='lat' dir='ltr'>illis</span> 
     </span>
     <span class='ocr_line' id='line_1_13' title="bbox 426 2060 2683 2154; baseline -0.001 -20"><span class='ocrx_word' id='word_1_95' title='bbox 426 2064 813 2135; x_wconf 90' lang='lat' dir='ltr'>nemoribus</span> <span class='ocrx_word' id='word_1_96' title='bbox 896 2061 1108 2154; x_wconf 85' lang='lat' dir='ltr'>capiet</span> <span class='ocrx_word' id='word_1_97' title='bbox 1169 2064 1640 2152; x_wconf 85' lang='lat' dir='ltr'>quadrigatam.</span> <span class='ocrx_word' id='word_1_98' title='bbox 1704 2060 1769 2131; x_wconf 92' lang='lat' dir='ltr'>Si</span> <span class='ocrx_word' id='word_1_99' title='bbox 1836 2063 2029 2132; x_wconf 87' lang='lat' dir='ltr'>etiam</span> <span class='ocrx_word' id='word_1_100' title='bbox 2078 2064 2156 2132; x_wconf 92' lang='lat' dir='ltr'>ad</span> <span class='ocrx_word' id='word_1_101' title='bbox 2232 2062 2683 2153; x_wconf 81' lang='lat' dir='ltr'>agriculturam</span> 
     </span>
     <span class='ocr_line' id='line_1_14' title="bbox 427 2174 2685 2270; baseline 0 -23"><span class='ocrx_word' id='word_1_102' title='bbox 427 2177 573 2270; x_wconf 87' lang='lat' dir='ltr'>ipsa</span> <span class='ocrx_word' id='word_1_103' title='bbox 604 2199 870 2249; x_wconf 86' lang='lat' dir='ltr'>nemora</span> <span class='ocrx_word' id='word_1_104' title='bbox 909 2176 1200 2267; x_wconf 82' lang='lat' dir='ltr'>redigere</span> <span class='ocrx_word' id='word_1_105' title='bbox 1230 2174 1581 2267; x_wconf 90' lang='lat' dir='ltr'>capitulum</span> <span class='ocrx_word' id='word_1_106' title='bbox 1604 2177 1900 2258; x_wconf 88' lang='lat' dir='ltr'>voluerit,</span> <span class='ocrx_word' id='word_1_107' title='bbox 1944 2198 2066 2248; x_wconf 90' lang='lat' dir='ltr'>nec</span> <span class='ocrx_word' id='word_1_108' title='bbox 2088 2174 2148 2246; x_wconf 92' lang='lat' dir='ltr'>id</span> <span class='ocrx_word' id='word_1_109' title='bbox 2190 2175 2401 2268; x_wconf 91' lang='lat' dir='ltr'>ipsum</span> <span class='ocrx_word' id='word_1_110' title='bbox 2427 2198 2685 2268; x_wconf 87' lang='lat' dir='ltr'>posses-</span> 
     </span>
     <span class='ocr_line' id='line_1_15' title="bbox 429 2288 2685 2383; baseline -0.001 -20"><span class='ocrx_word' id='word_1_111' title='bbox 429 2315 546 2363; x_wconf 87' lang='lat' dir='ltr'>sor</span> <span class='ocrx_word' id='word_1_112' title='bbox 587 2292 829 2363; x_wconf 82' lang='lat' dir='ltr'>usuarii</span> <span class='ocrx_word' id='word_1_113' title='bbox 871 2290 1207 2383; x_wconf 89' lang='lat' dir='ltr'>prohibere</span> <span class='ocrx_word' id='word_1_114' title='bbox 1247 2289 1504 2381; x_wconf 88' lang='lat' dir='ltr'>poterit,</span> <span class='ocrx_word' id='word_1_115' title='bbox 1548 2288 1765 2361; x_wconf 90' lang='lat' dir='ltr'>necin</span> <span class='ocrx_word' id='word_1_116' title='bbox 1806 2304 1976 2361; x_wconf 88' lang='lat' dir='ltr'>terra</span> <span class='ocrx_word' id='word_1_117' title='bbox 2033 2288 2233 2361; x_wconf 86' lang='lat' dir='ltr'>cultui</span> <span class='ocrx_word' id='word_1_118' title='bbox 2273 2294 2368 2361; x_wconf 88' lang='lat' dir='ltr'>vel</span> <span class='ocrx_word' id='word_1_119' title='bbox 2413 2289 2685 2361; x_wconf 83' lang='lat' dir='ltr'>edificiis</span> 
     </span>
     <span class='ocr_line' id='line_1_16' title="bbox 431 2402 2686 2495; baseline -0 -19"><span class='ocrx_word' id='word_1_120' title='bbox 431 2405 653 2477; x_wconf 90' lang='lat' dir='ltr'>dedita</span> <span class='ocrx_word' id='word_1_121' title='bbox 692 2402 931 2495; x_wconf 90' lang='lat' dir='ltr'>aliquid</span> <span class='ocrx_word' id='word_1_122' title='bbox 995 2402 1358 2475; x_wconf 90' lang='lat' dir='ltr'>vendicare.</span> <span class='ocrx_word' id='word_1_123' title='bbox 1435 2407 1654 2474; x_wconf 88' lang='lat' dir='ltr'>Preter</span> <span class='ocrx_word' id='word_1_124' title='bbox 1728 2406 1848 2474; x_wconf 90' lang='lat' dir='ltr'>bec</span> <span class='ocrx_word' id='word_1_125' title='bbox 1895 2415 2108 2474; x_wconf 88' lang='lat' dir='ltr'>autem</span> <span class='ocrx_word' id='word_1_126' title='bbox 2160 2402 2381 2494; x_wconf 86' lang='lat' dir='ltr'>viginti</span> <span class='ocrx_word' id='word_1_127' title='bbox 2444 2404 2686 2475; x_wconf 90' lang='lat' dir='ltr'>solidos</span> 
     </span>
     <span class='ocr_line' id='line_1_17' title="bbox 428 2514 2685 2609; baseline -0.001 -17"><span class='ocrx_word' id='word_1_128' title='bbox 428 2522 801 2601; x_wconf 76' lang='lat' dir='ltr'>censualeS,</span> <span class='ocrx_word' id='word_1_129' title='bbox 843 2522 952 2609; x_wconf 88' lang='lat' dir='ltr'>qui</span> <span class='ocrx_word' id='word_1_130' title='bbox 994 2541 1109 2609; x_wconf 87' lang='lat' dir='ltr'>pro</span> <span class='ocrx_word' id='word_1_131' title='bbox 1149 2532 1314 2589; x_wconf 88' lang='lat' dir='ltr'>terra</span> <span class='ocrx_word' id='word_1_132' title='bbox 1353 2518 1570 2588; x_wconf 85' lang='lat' dir='ltr'>arabili</span> <span class='ocrx_word' id='word_1_133' title='bbox 1631 2514 1752 2587; x_wconf 89' lang='lat' dir='ltr'>sita</span> <span class='ocrx_word' id='word_1_134' title='bbox 1816 2520 2094 2589; x_wconf 84' lang='lat' dir='ltr'>Echeliis</span> <span class='ocrx_word' id='word_1_135' title='bbox 2148 2517 2333 2589; x_wconf 91' lang='lat' dir='ltr'>annis</span> <span class='ocrx_word' id='word_1_136' title='bbox 2409 2516 2685 2609; x_wconf 82' lang='lat' dir='ltr'>singulis</span> 
     </span>
     <span class='ocr_line' id='line_1_18' title="bbox 428 2629 2685 2727; baseline -0.001 -20"><span class='ocrx_word' id='word_1_137' title='bbox 428 2634 717 2727; x_wconf 89' lang='lat' dir='ltr'>capitulo</span> <span class='ocrx_word' id='word_1_138' title='bbox 777 2635 1233 2715; x_wconf 88' lang='lat' dir='ltr'>reddebantur,</span> <span class='ocrx_word' id='word_1_139' title='bbox 1286 2645 1350 2702; x_wconf 90' lang='lat' dir='ltr'>et</span> <span class='ocrx_word' id='word_1_140' title='bbox 1397 2629 1701 2723; x_wconf 86' lang='lat' dir='ltr'>quicquid</span> <span class='ocrx_word' id='word_1_141' title='bbox 1752 2630 1814 2700; x_wconf 87' lang='lat' dir='ltr'>in</span> <span class='ocrx_word' id='word_1_142' title='bbox 1877 2634 2103 2702; x_wconf 92' lang='lat' dir='ltr'>eadem</span> <span class='ocrx_word' id='word_1_143' title='bbox 2162 2647 2352 2716; x_wconf 88' lang='lat' dir='ltr'>terra,</span> <span class='ocrx_word' id='word_1_144' title='bbox 2424 2647 2685 2724; x_wconf 84' lang='lat' dir='ltr'>excepta</span> 
     </span>
     <span class='ocr_line' id='line_1_19' title="bbox 427 2742 2686 2837; baseline -0 -19"><span class='ocrx_word' id='word_1_145' title='bbox 427 2746 682 2818; x_wconf 86' lang='lat' dir='ltr'>minuta</span> <span class='ocrx_word' id='word_1_146' title='bbox 734 2744 982 2818; x_wconf 90' lang='lat' dir='ltr'>decima</span> <span class='ocrx_word' id='word_1_147' title='bbox 1016 2758 1081 2817; x_wconf 92' lang='lat' dir='ltr'>et</span> <span class='ocrx_word' id='word_1_148' title='bbox 1137 2742 1397 2837; x_wconf 87' lang='lat' dir='ltr'>justicia</span> <span class='ocrx_word' id='word_1_149' title='bbox 1465 2743 1975 2829; x_wconf 77' lang='lat' dir='ltr'>christianitatiS,</span> <span class='ocrx_word' id='word_1_150' title='bbox 2010 2747 2287 2817; x_wconf 88' lang='lat' dir='ltr'>habebat</span> <span class='ocrx_word' id='word_1_151' title='bbox 2336 2746 2686 2837; x_wconf 90' lang='lat' dir='ltr'>capitulum</span> 
     </span>
     <span class='ocr_line' id='line_1_20' title="bbox 428 2857 2687 2951; baseline 0 -19"><span class='ocrx_word' id='word_1_152' title='bbox 428 2865 718 2933; x_wconf 84' lang='lat' dir='ltr'>Auberto</span> <span class='ocrx_word' id='word_1_153' title='bbox 749 2859 1011 2951; x_wconf 89' lang='lat' dir='ltr'>quitavit</span> <span class='ocrx_word' id='word_1_154' title='bbox 1048 2858 1303 2951; x_wconf 89' lang='lat' dir='ltr'>penitus</span> <span class='ocrx_word' id='word_1_155' title='bbox 1342 2857 1463 2929; x_wconf 88' lang='lat' dir='ltr'>sibi</span> <span class='ocrx_word' id='word_1_156' title='bbox 1502 2881 1760 2949; x_wconf 88' lang='lat' dir='ltr'>semper</span> <span class='ocrx_word' id='word_1_157' title='bbox 1826 2860 2091 2950; x_wconf 85' lang='lat' dir='ltr'>suisque</span> <span class='ocrx_word' id='word_1_158' title='bbox 2192 2863 2687 2932; x_wconf 89' lang='lat' dir='ltr'>successoribus</span> 
     </span>
     <span class='ocr_line' id='line_1_21' title="bbox 428 2970 2686 3066; baseline 0.001 -23"><span class='ocrx_word' id='word_1_159' title='bbox 428 2971 886 3043; x_wconf 89' lang='lat' dir='ltr'>obtinendum.</span> <span class='ocrx_word' id='word_1_160' title='bbox 945 2970 1170 3043; x_wconf 91' lang='lat' dir='ltr'>Villam</span> <span class='ocrx_word' id='word_1_161' title='bbox 1233 2971 1425 3043; x_wconf 92' lang='lat' dir='ltr'>etiam</span> <span class='ocrx_word' id='word_1_162' title='bbox 1503 2970 1763 3064; x_wconf 89' lang='lat' dir='ltr'>capituli</span> <span class='ocrx_word' id='word_1_163' title='bbox 1839 2996 1964 3062; x_wconf 88' lang='lat' dir='ltr'>que</span> <span class='ocrx_word' id='word_1_164' title='bbox 2029 2972 2392 3066; x_wconf 88' lang='lat' dir='ltr'>Vilerpions</span> <span class='ocrx_word' id='word_1_165' title='bbox 2459 2974 2686 3065; x_wconf 84' lang='lat' dir='ltr'>gallice</span> 
     </span>
     <span class='ocr_line' id='line_1_22' title="bbox 430 3083 2686 3176; baseline 0.002 -22"><span class='ocrx_word' id='word_1_166' title='bbox 430 3100 873 3176; x_wconf 90' lang='lat' dir='ltr'>nuncupatur,</span> <span class='ocrx_word' id='word_1_167' title='bbox 901 3098 967 3156; x_wconf 86' lang='lat' dir='ltr'>et</span> <span class='ocrx_word' id='word_1_168' title='bbox 986 3087 1204 3155; x_wconf 86' lang='lat' dir='ltr'>omnia</span> <span class='ocrx_word' id='word_1_169' title='bbox 1228 3108 1351 3175; x_wconf 89' lang='lat' dir='ltr'>qne</span> <span class='ocrx_word' id='word_1_170' title='bbox 1377 3084 1615 3155; x_wconf 90' lang='lat' dir='ltr'>ibidem</span> <span class='ocrx_word' id='word_1_171' title='bbox 1656 3087 1755 3156; x_wconf 89' lang='lat' dir='ltr'>vel</span> <span class='ocrx_word' id='word_1_172' title='bbox 1779 3083 1843 3154; x_wconf 92' lang='lat' dir='ltr'>in</span> <span class='ocrx_word' id='word_1_173' title='bbox 1870 3088 2157 3176; x_wconf 83' lang='lat' dir='ltr'>ejusdem</span> <span class='ocrx_word' id='word_1_174' title='bbox 2187 3086 2330 3158; x_wconf 90' lang='lat' dir='ltr'>ville</span> <span class='ocrx_word' id='word_1_175' title='bbox 2365 3085 2686 3158; x_wconf 87' lang='lat' dir='ltr'>territorio</span> 
     </span>
     <span class='ocr_line' id='line_1_23' title="bbox 426 3197 2688 3290; baseline 0.001 -21"><span class='ocrx_word' id='word_1_176' title='bbox 426 3213 564 3269; x_wconf 87' lang='lat' dir='ltr'>tam</span> <span class='ocrx_word' id='word_1_177' title='bbox 618 3197 681 3267; x_wconf 93' lang='lat' dir='ltr'>in</span> <span class='ocrx_word' id='word_1_178' title='bbox 721 3197 1085 3269; x_wconf 90' lang='lat' dir='ltr'>redditibus</span> <span class='ocrx_word' id='word_1_179' title='bbox 1123 3221 1314 3289; x_wconf 89' lang='lat' dir='ltr'>quam</span> <span class='ocrx_word' id='word_1_180' title='bbox 1353 3197 1418 3267; x_wconf 92' lang='lat' dir='ltr'>in</span> <span class='ocrx_word' id='word_1_181' title='bbox 1447 3197 1812 3290; x_wconf 90' lang='lat' dir='ltr'>hospitibus</span> <span class='ocrx_word' id='word_1_182' title='bbox 1851 3211 1916 3270; x_wconf 86' lang='lat' dir='ltr'>et</span> <span class='ocrx_word' id='word_1_183' title='bbox 1958 3202 2150 3270; x_wconf 89' lang='lat' dir='ltr'>rebus</span> <span class='ocrx_word' id='word_1_184' title='bbox 2210 3199 2351 3272; x_wconf 90' lang='lat' dir='ltr'>aliis</span> <span class='ocrx_word' id='word_1_185' title='bbox 2410 3203 2688 3271; x_wconf 88' lang='lat' dir='ltr'>habebat</span> 
     </span>
     <span class='ocr_line' id='line_1_24' title="bbox 430 3311 2685 3404; baseline 0 -20"><span class='ocrx_word' id='word_1_186' title='bbox 430 3314 822 3403; x_wconf 91' lang='lat' dir='ltr'>capitulum,</span> <span class='ocrx_word' id='word_1_187' title='bbox 867 3324 1130 3403; x_wconf 81' lang='lat' dir='ltr'>excepta</span> <span class='ocrx_word' id='word_1_188' title='bbox 1171 3326 1384 3383; x_wconf 90' lang='lat' dir='ltr'>tamen</span> <span class='ocrx_word' id='word_1_189' title='bbox 1426 3311 1672 3383; x_wconf 91' lang='lat' dir='ltr'>minuta</span> <span class='ocrx_word' id='word_1_190' title='bbox 1711 3312 1960 3383; x_wconf 87' lang='lat' dir='ltr'>decima</span> <span class='ocrx_word' id='word_1_191' title='bbox 2010 3326 2072 3385; x_wconf 86' lang='lat' dir='ltr'>et</span> <span class='ocrx_word' id='word_1_192' title='bbox 2105 3313 2362 3404; x_wconf 73' lang='lat' dir='ltr'>Justicia</span> <span class='ocrx_word' id='word_1_193' title='bbox 2393 3313 2685 3385; x_wconf 88' lang='lat' dir='ltr'>christia-</span> 
     </span>
     <span class='ocr_line' id='line_1_25' title="bbox 430 3425 2683 3518; baseline 0 -22"><span class='ocrx_word' id='word_1_194' title='bbox 430 3425 662 3497; x_wconf 86' lang='lat' dir='ltr'>nitatis</span> <span class='ocrx_word' id='word_1_195' title='bbox 701 3448 848 3496; x_wconf 92' lang='lat' dir='ltr'>cnm</span> <span class='ocrx_word' id='word_1_196' title='bbox 886 3426 1102 3497; x_wconf 89' lang='lat' dir='ltr'>altaris</span> <span class='ocrx_word' id='word_1_197' title='bbox 1143 3426 1437 3518; x_wconf 77' lang='lat' dir='ltr'>panibuS,</span> <span class='ocrx_word' id='word_1_198' title='bbox 1467 3448 1724 3498; x_wconf 90' lang='lat' dir='ltr'>necnon</span> <span class='ocrx_word' id='word_1_199' title='bbox 1755 3440 1820 3498; x_wconf 90' lang='lat' dir='ltr'>et</span> <span class='ocrx_word' id='word_1_200' title='bbox 1849 3439 2085 3498; x_wconf 88' lang='lat' dir='ltr'>terram</span> <span class='ocrx_word' id='word_1_201' title='bbox 2150 3449 2336 3498; x_wconf 88' lang='lat' dir='ltr'>suam</span> <span class='ocrx_word' id='word_1_202' title='bbox 2376 3427 2683 3499; x_wconf 90' lang='lat' dir='ltr'>arabilem</span> 
     </span>
     <span class='ocr_line' id='line_1_26' title="bbox 429 3539 2688 3614; baseline 0 -3"><span class='ocrx_word' id='word_1_203' title='bbox 429 3563 468 3611; x_wconf 91' lang='lat' dir='ltr'>a</span> <span class='ocrx_word' id='word_1_204' title='bbox 529 3542 833 3611; x_wconf 82' lang='lat' dir='ltr'>defuncto</span> <span class='ocrx_word' id='word_1_205' title='bbox 898 3543 1176 3611; x_wconf 87' lang='lat' dir='ltr'>Roberto</span> <span class='ocrx_word' id='word_1_206' title='bbox 1233 3543 1314 3611; x_wconf 91' lang='lat' dir='ltr'>de</span> <span class='ocrx_word' id='word_1_207' title='bbox 1388 3539 1661 3612; x_wconf 86' lang='lat' dir='ltr'>Mardeio</span> <span class='ocrx_word' id='word_1_208' title='bbox 1742 3543 2039 3612; x_wconf 89' lang='lat' dir='ltr'>collatam</span> <span class='ocrx_word' id='word_1_209' title='bbox 2104 3541 2380 3614; x_wconf 87' lang='lat' dir='ltr'>ecclesie</span> <span class='ocrx_word' id='word_1_210' title='bbox 2456 3546 2688 3612; x_wconf 89' lang='lat' dir='ltr'>Sancte</span> 
     </span>
     <span class='ocr_line' id='line_1_27' title="bbox 436 3652 2691 3748; baseline 0 -23"><span class='ocrx_word' id='word_1_211' title='bbox 436 3652 672 3726; x_wconf 89' lang='lat' dir='ltr'>Crucis</span> <span class='ocrx_word' id='word_1_212' title='bbox 711 3677 858 3725; x_wconf 89' lang='lat' dir='ltr'>cum</span> <span class='ocrx_word' id='word_1_213' title='bbox 887 3653 1305 3746; x_wconf 75' lang='lat' dir='ltr'>herber-gagio</span> <span class='ocrx_word' id='word_1_214' title='bbox 1342 3658 1420 3725; x_wconf 90' lang='lat' dir='ltr'>ad</span> <span class='ocrx_word' id='word_1_215' title='bbox 1450 3654 1657 3726; x_wconf 91' lang='lat' dir='ltr'>villam</span> <span class='ocrx_word' id='word_1_216' title='bbox 1690 3678 1871 3727; x_wconf 90' lang='lat' dir='ltr'>suam</span> <span class='ocrx_word' id='word_1_217' title='bbox 1901 3679 2025 3746; x_wconf 90' lang='lat' dir='ltr'>que</span> <span class='ocrx_word' id='word_1_218' title='bbox 2055 3660 2449 3748; x_wconf 84' lang='lat' dir='ltr'>Tryenayum</span> <span class='ocrx_word' id='word_1_219' title='bbox 2472 3658 2691 3747; x_wconf 86' lang='lat' dir='ltr'>appel-</span> 
     </span>
     <span class='ocr_line' id='line_1_28' title="bbox 432 3757 2689 3861; baseline 0 -21"><span class='ocrx_word' id='word_1_220' title='bbox 432 3772 629 3854; x_wconf 85' lang='lat' dir='ltr'>latur,</span> <span class='ocrx_word' id='word_1_221' title='bbox 675 3771 952 3840; x_wconf 85' lang='lat' dir='ltr'>Auberto</span> <span class='ocrx_word' id='word_1_222' title='bbox 999 3771 1267 3860; x_wconf 89' lang='lat' dir='ltr'>suisque</span> <span class='ocrx_word' id='word_1_223' title='bbox 1323 3757 1815 3841; x_wconf 86' lang='lat' dir='ltr'>successoribus</span> <span class='ocrx_word' id='word_1_224' title='bbox 1855 3769 1917 3840; x_wconf 92' lang='lat' dir='ltr'>in</span> <span class='ocrx_word' id='word_1_225' title='bbox 1961 3786 2337 3861; x_wconf 88' lang='lat' dir='ltr'>perpetuum</span> <span class='ocrx_word' id='word_1_226' title='bbox 2395 3773 2689 3842; x_wconf 91' lang='lat' dir='ltr'>habenda</span> 
     </span>
     <span class='ocr_line' id='line_1_29' title="bbox 432 3880 2689 3975; baseline 0 -20"><span class='ocrx_word' id='word_1_227' title='bbox 432 3905 514 3955; x_wconf 87' lang='lat' dir='ltr'>eo</span> <span class='ocrx_word' id='word_1_228' title='bbox 553 3884 750 3953; x_wconf 91' lang='lat' dir='ltr'>modo</span> <span class='ocrx_word' id='word_1_229' title='bbox 775 3880 952 3954; x_wconf 90' lang='lat' dir='ltr'>dedit</span> <span class='ocrx_word' id='word_1_230' title='bbox 989 3884 1341 3974; x_wconf 89' lang='lat' dir='ltr'>capitulum</span> <span class='ocrx_word' id='word_1_231' title='bbox 1382 3886 1550 3975; x_wconf 90' lang='lat' dir='ltr'>quod</span> <span class='ocrx_word' id='word_1_232' title='bbox 1594 3887 1718 3956; x_wconf 89' lang='lat' dir='ltr'>bec</span> <span class='ocrx_word' id='word_1_233' title='bbox 1749 3886 1976 3955; x_wconf 89' lang='lat' dir='ltr'>eadem</span> <span class='ocrx_word' id='word_1_234' title='bbox 2016 3907 2163 3955; x_wconf 92' lang='lat' dir='ltr'>cum</span> <span class='ocrx_word' id='word_1_235' title='bbox 2190 3908 2394 3956; x_wconf 90' lang='lat' dir='ltr'>censu</span> <span class='ocrx_word' id='word_1_236' title='bbox 2433 3898 2496 3956; x_wconf 89' lang='lat' dir='ltr'>et</span> <span class='ocrx_word' id='word_1_237' title='bbox 2522 3898 2689 3956; x_wconf 87' lang='lat' dir='ltr'>terra</span> 
     </span>
     <span class='ocr_line' id='line_1_30' title="bbox 434 3996 2686 4089; baseline 0 -22"><span class='ocrx_word' id='word_1_238' title='bbox 434 3999 517 4069; x_wconf 90' lang='lat' dir='ltr'>de</span> <span class='ocrx_word' id='word_1_239' title='bbox 574 3996 853 4067; x_wconf 88' lang='lat' dir='ltr'>Echeliis</span> <span class='ocrx_word' id='word_1_240' title='bbox 904 4011 1264 4088; x_wconf 90' lang='lat' dir='ltr'>prenotata,</span> <span class='ocrx_word' id='word_1_241' title='bbox 1316 4010 1380 4069; x_wconf 89' lang='lat' dir='ltr'>et</span> <span class='ocrx_word' id='word_1_242' title='bbox 1457 4001 1848 4089; x_wconf 84' lang='lat' dir='ltr'>prefatorum</span> <span class='ocrx_word' id='word_1_243' title='bbox 1891 4021 2233 4070; x_wconf 87' lang='lat' dir='ltr'>nemorum</span> <span class='ocrx_word' id='word_1_244' title='bbox 2294 3999 2580 4083; x_wconf 91' lang='lat' dir='ltr'>usuari0,</span> <span class='ocrx_word' id='word_1_245' title='bbox 2623 3999 2686 4068; x_wconf 91' lang='lat' dir='ltr'>in</span> 
     </span>
     <span class='ocr_line' id='line_1_31' title="bbox 431 4110 2689 4205; baseline 0.001 -24"><span class='ocrx_word' id='word_1_246' title='bbox 431 4110 591 4203; x_wconf 84' lang='lat' dir='ltr'>ligio</span> <span class='ocrx_word' id='word_1_247' title='bbox 630 4110 999 4182; x_wconf 87' lang='lat' dir='ltr'>successive</span> <span class='ocrx_word' id='word_1_248' title='bbox 1039 4115 1347 4183; x_wconf 91' lang='lat' dir='ltr'>tenebunt</span> <span class='ocrx_word' id='word_1_249' title='bbox 1405 4115 1620 4197; x_wconf 83' lang='lat' dir='ltr'>feodo,</span> <span class='ocrx_word' id='word_1_250' title='bbox 1662 4127 1726 4183; x_wconf 90' lang='lat' dir='ltr'>et</span> <span class='ocrx_word' id='word_1_251' title='bbox 1793 4112 2053 4185; x_wconf 91' lang='lat' dir='ltr'>nomine</span> <span class='ocrx_word' id='word_1_252' title='bbox 2117 4113 2373 4205; x_wconf 88' lang='lat' dir='ltr'>capituli</span> <span class='ocrx_word' id='word_1_253' title='bbox 2444 4116 2689 4184; x_wconf 89' lang='lat' dir='ltr'>decano</span> 
     </span>
     <span class='ocr_line' id='line_1_32' title="bbox 436 4223 2690 4318; baseline 0 -23"><span class='ocrx_word' id='word_1_254' title='bbox 436 4229 678 4297; x_wconf 89' lang='lat' dir='ltr'>Sancte</span> <span class='ocrx_word' id='word_1_255' title='bbox 722 4223 943 4296; x_wconf 88' lang='lat' dir='ltr'>Crucis</span> <span class='ocrx_word' id='word_1_256' title='bbox 990 4224 1348 4297; x_wconf 91' lang='lat' dir='ltr'>hominium</span> <span class='ocrx_word' id='word_1_257' title='bbox 1388 4225 1538 4297; x_wconf 86' lang='lat' dir='ltr'>inde</span> <span class='ocrx_word' id='word_1_258' title='bbox 1582 4225 1818 4298; x_wconf 78' lang='lat' dir='ltr'>sacient</span> <span class='ocrx_word' id='word_1_259' title='bbox 1855 4226 2024 4299; x_wconf 90' lang='lat' dir='ltr'>sicut</span> <span class='ocrx_word' id='word_1_260' title='bbox 2090 4227 2341 4318; x_wconf 84' lang='lat' dir='ltr'>ligeitas</span> <span class='ocrx_word' id='word_1_261' title='bbox 2401 4227 2690 4299; x_wconf 88' lang='lat' dir='ltr'>noscitur</span> 
     </span>
     <span class='ocr_line' id='line_1_33' title="bbox 435 4339 2687 4433; baseline 0.001 -23"><span class='ocrx_word' id='word_1_262' title='bbox 435 4341 789 4431; x_wconf 88' lang='lat' dir='ltr'>postulare.</span> <span class='ocrx_word' id='word_1_263' title='bbox 835 4341 927 4409; x_wconf 85' lang='lat' dir='ltr'>Ad</span> <span class='ocrx_word' id='word_1_264' title='bbox 965 4341 1086 4410; x_wconf 88' lang='lat' dir='ltr'>hec</span> <span class='ocrx_word' id='word_1_265' title='bbox 1127 4354 1353 4410; x_wconf 88' lang='lat' dir='ltr'>notum</span> <span class='ocrx_word' id='word_1_266' title='bbox 1389 4339 1662 4411; x_wconf 84' lang='lat' dir='ltr'>facimus</span> <span class='ocrx_word' id='word_1_267' title='bbox 1690 4364 1838 4412; x_wconf 90' lang='lat' dir='ltr'>cnm</span> <span class='ocrx_word' id='word_1_268' title='bbox 1878 4341 2212 4432; x_wconf 80' lang='lat' dir='ltr'>predictiS‚</span> <span class='ocrx_word' id='word_1_269' title='bbox 2251 4344 2423 4433; x_wconf 90' lang='lat' dir='ltr'>quod</span> <span class='ocrx_word' id='word_1_270' title='bbox 2476 4342 2687 4432; x_wconf 91' lang='lat' dir='ltr'>ipsum</span> 
     </span>
     <span class='ocr_line' id='line_1_34' title="bbox 435 4451 2689 4543; baseline 0.001 -21"><span class='ocrx_word' id='word_1_271' title='bbox 435 4454 788 4523; x_wconf 81' lang='lat' dir='ltr'>Aubertum</span> <span class='ocrx_word' id='word_1_272' title='bbox 819 4465 884 4521; x_wconf 90' lang='lat' dir='ltr'>et</span> <span class='ocrx_word' id='word_1_273' title='bbox 916 4474 1174 4522; x_wconf 87' lang='lat' dir='ltr'>uxorem</span> <span class='ocrx_word' id='word_1_274' title='bbox 1215 4453 1357 4543; x_wconf 86' lang='lat' dir='ltr'>ejus</span> <span class='ocrx_word' id='word_1_275' title='bbox 1396 4475 1541 4523; x_wconf 91' lang='lat' dir='ltr'>cum</span> <span class='ocrx_word' id='word_1_276' title='bbox 1567 4452 1714 4523; x_wconf 74' lang='lat' dir='ltr'>finis</span> <span class='ocrx_word' id='word_1_277' title='bbox 1739 4468 1804 4524; x_wconf 86' lang='lat' dir='ltr'>et</span> <span class='ocrx_word' id='word_1_278' title='bbox 1837 4456 2087 4524; x_wconf 74' lang='lat' dir='ltr'>filiabus</span> <span class='ocrx_word' id='word_1_279' title='bbox 2116 4456 2490 4525; x_wconf 90' lang='lat' dir='ltr'>eorumdem</span> <span class='ocrx_word' id='word_1_280' title='bbox 2521 4451 2689 4524; x_wconf 90' lang='lat' dir='ltr'>natis</span> 
     </span>
     <span class='ocr_line' id='line_1_35' title="bbox 438 4562 2690 4660; baseline 0 -23"><span class='ocrx_word' id='word_1_281' title='bbox 438 4580 501 4637; x_wconf 89' lang='lat' dir='ltr'>et</span> <span class='ocrx_word' id='word_1_282' title='bbox 536 4562 902 4649; x_wconf 88' lang='lat' dir='ltr'>nascituris,</span> <span class='ocrx_word' id='word_1_283' title='bbox 934 4580 998 4637; x_wconf 85' lang='lat' dir='ltr'>et</span> <span class='ocrx_word' id='word_1_284' title='bbox 1038 4579 1164 4636; x_wconf 90' lang='lat' dir='ltr'>tam</span> <span class='ocrx_word' id='word_1_285' title='bbox 1191 4588 1451 4638; x_wconf 90' lang='lat' dir='ltr'>omnem</span> <span class='ocrx_word' id='word_1_286' title='bbox 1493 4566 1825 4658; x_wconf 88' lang='lat' dir='ltr'>utriusque</span> <span class='ocrx_word' id='word_1_287' title='bbox 1863 4591 2055 4639; x_wconf 88' lang='lat' dir='ltr'>sexus</span> <span class='ocrx_word' id='word_1_288' title='bbox 2101 4565 2494 4660; x_wconf 85' lang='lat' dir='ltr'>progeniem,</span> <span class='ocrx_word' id='word_1_289' title='bbox 2564 4590 2690 4657; x_wconf 89' lang='lat' dir='ltr'>que</span> 
     </span>
     <span class='ocr_line' id='line_1_36' title="bbox 437 4680 2688 4774; baseline 0.001 -24"><span class='ocrx_word' id='word_1_290' title='bbox 437 4682 518 4751; x_wconf 91' lang='lat' dir='ltr'>de</span> <span class='ocrx_word' id='word_1_291' title='bbox 535 4693 715 4773; x_wconf 89' lang='lat' dir='ltr'>patre</span> <span class='ocrx_word' id='word_1_292' title='bbox 736 4702 856 4752; x_wconf 90' lang='lat' dir='ltr'>suo</span> <span class='ocrx_word' id='word_1_293' title='bbox 887 4683 1191 4753; x_wconf 69' lang='lat' dir='ltr'>defuncto</span> <span class='ocrx_word' id='word_1_294' title='bbox 1224 4684 1503 4752; x_wconf 82' lang='lat' dir='ltr'>Auberto</span> <span class='ocrx_word' id='word_1_295' title='bbox 1530 4681 1821 4753; x_wconf 89' lang='lat' dir='ltr'>noscitur</span> <span class='ocrx_word' id='word_1_296' title='bbox 1849 4683 2290 4765; x_wconf 87' lang='lat' dir='ltr'>descendisse,</span> <span class='ocrx_word' id='word_1_297' title='bbox 2321 4704 2512 4774; x_wconf 90' lang='lat' dir='ltr'>quam</span> <span class='ocrx_word' id='word_1_298' title='bbox 2555 4680 2688 4752; x_wconf 91' lang='lat' dir='ltr'>uui·</span> 
     </span>
    </p>
   </div>
  </div>
 </body>
</html>
