3485 5571
1828 635 2185 699 -286-

1929 1043 2128 1105 CXCV

1820 1337 2003 1399 Avril
2045 1334 2196 1398 1221

883 1588 1161 1647 Sentence
1189 1587 1449 1645 arbitrale
1474 1593 1696 1663 portant
1724 1604 1836 1661 que
1873 1590 2077 1645 maitre
2115 1588 2338 1645 Arnoul
2371 1588 2565 1649 Pichot
2607 1588 2810 1660 paim-a,
2836 1603 2980 1661 pour
3008 1600 3104 1642 une

950 1686 1102 1741 d1me
1132 1684 1341 1741 d'une‹
1362 1685 1559 1756 lagena
1582 1702 1614 1738 »
1638 1700 1741 1756 par
1756 1684 1940 1740 muids
1969 1701 2040 1740 en
2059 1701 2150 1740 ses
2168 1684 2360 1755 vignes
2381 1684 2449 1741 de
2473 1684 2705 1755 Mardie‚
2724 1685 2760 1740 2
2778 1700 2907 1740 sous
2926 1683 3104 1756 parisis

953 1798 1054 1853 par
1082 1797 1155 1838 an
1185 1798 1257 1838 an
1281 1782 1553 1847 chanoine
1582 1781 1798 1837 Robert
1825 1781 1896 1836 de
1924 1782 2202 1852 Marcium
2234 1781 2579 1837 decimateur
2605 1783 2638 1838 ἡ
2669 1781 2772 1838 vie.

1340 1926 1516 1998 (Ox-ig.
1550 1945 1597 1982 s·
1630 1926 1824 1998 perch.
1851 1926 2023 1983 Arch.
2064 1926 2141 1981 du
2170 1926 2376 1997 Lon-et,
2411 1928 2479 1984 G.
2513 1926 2664 2001 347).

972 2150 1044 2215 Η.
1080 2158 1329 2233 cantor,
1390 2150 1439 2218 1.
1485 2149 1924 2230 subdecanus,
1969 2149 2258 2234 Alardus,
2305 2147 2656 2218 canonicus
2691 2146 2863 2218 Beati
2900 2139 3103 2215 Auiani

884 2258 1379 2347 Aurelianensis,
1426 2262 1727 2334 omnibus
1772 2275 2104 2352 presentes
2127 2262 2383 2345 ,litteras
2423 2259 2807 2351 inspecturis
2850 2262 3102 2330 salutem

885 2372 948 2443 in
990 2372 1291 2446 Domino.
1332 2374 1587 2446 Noverit
1627 2375 2014 2447 universitas
2048 2388 2256 2446 vestra
2280 2377 2480 2467 quod,
2509 2398 2654 2446 cum
2687 2396 2875 2446 causa
2902 2382 3104 2444 aucto·

881 2490 1065 2561 ritate
1102 2490 1454 2582 apostolica
1494 2512 1707 2562 coram
1760 2490 1948 2562 nobis
1988 2505 2339 2563 verteretur
2378 2489 2543 2562 inter
2571 2493 2883 2562 decanum
2908 2503 2966 2561 et
3003 2508 3096 2557 ca-

884 2603 1152 2691 pitulum
1190 2605 1673 2691 Aurelianense,
1719 2628 1794 2677 ex
1833 2628 1958 2677 una
1997 2620 2199 2696 parte,
2231 2620 2296 2677 et
2320 2609 2697 2696 magistrum
2730 2606 3102 2696 Arnulphum

882 2718 1130 2806 Pichot‚
1180 2742 1255 2791 ex
1294 2723 1515 2805 altera,
1548 2743 1744 2813 super
1774 2721 2201 2795 decimanone
2258 2723 2595 2814 cujusdam
2644 2720 2888 2813 arpenti
2937 2718 3100 2790 vinee

879 2858 1068 2925 quam
1132 2836 1303 2907 idem
1354 2839 1660 2929 magister
1721 2851 1900 2908 tenet
1945 2840 2024 2908 ad
2086 2860 2355 2909 censum
2419 2840 2500 2907 ab
2560 2839 2791 2909 eodem
2849 2835 3102 2928 capitulo

879 2952 1046 3042 apud
1086 2948 1447 3036 Marceium‚
1485 2954 1741 3023 tandem
1773 2951 1939 3022 inter
1969 2953 2290 3044 predictas
2321 2965 2534 3042 partes
2569 2951 2712 3022 talis
2739 2946 3103 3043 compositio

880 3062 1267 3141 intercessit.
1304 3067 1474 3155 quod
1505 3068 1792 3156 prefatus
1827 3068 2192 3157 Arnulphus
2215 3063 2659 3157 prenominato
2692 3065 2966 3157 capitulo
3008 3062 3096 3133 vel

879 3176 935 3248 ei
980 3203 1086 3269 qun
1128 3178 1443 3250 decimam
1479 3182 1558 3250 de
1598 3178 1867 3251 Marceio
1892 3182 1971 3250 ab
2011 3181 2154 3274 ipso
2183 3181 2461 3272 capitulo
2496 3177 2757 3251 habebit
2805 3182 2884 3251 de
2923 3175 3105 3271 quoli-

881 3297 986 3365 bet
1026 3295 1240 3366 modio
1281 3293 1404 3365 vini
1446 3293 1615 3367 dicte
1657 3294 1841 3367 vinee
1883 3318 1954 3366 se
2011 3294 2308 3386 promisit
2366 3319 2557 3366 unam
2600 3298 2896 3388 lagenam
2933 3290 3097 3365 annis

880 3407 1149 3500 singulis
1190 3411 1437 3501 integre
1476 3424 1540 3480 et
1567 3411 1707 3480 sine
1753 3407 2181 3481 diminutione
2209 3412 2376 3481 bona
2418 3413 2543 3481 fide
2583 3408 2846 3481 nomine
2874 3409 3102 3480 decime

880 3525 1272 3608 soluturum,
1315 3547 1428 3616 pro
1469 3548 1592 3615 qua
1634 3522 1881 3596 decima
1921 3522 2092 3595 idem
2116 3526 2567 3616 A[rnulphus],
2596 3522 2880 3614 quandiu
2920 3525 3105 3617 presa·

879 3652 1006 3708 tam
1046 3636 1295 3710 vineam
1325 3636 1593 3724 tenebit,
1634 3637 1921 3730 quolibet
1960 3661 2130 3709 anno
2177 3653 2393 3710 tamen
2453 3640 2615 3709 duos
2671 3638 2914 3709 solidos
2961 3635 3105 3729 pari-

879 3752 1192 3824 siensium
1232 3755 1510 3824 Roberto
1545 3755 1624 3824 de
1665 3751 2084 3837 Marcellino,
2132 3751 2444 3825 canonico
2507 3750 2972 3836 Aurelianensi,
3009 3748 3104 3841 qui

879 3867 1164 3936 decimas
1210 3869 1290 3938 de
1331 3866 1598 3939 Marceio
1627 3871 1706 3938 ad
1748 3865 1937 3938 vitam
1981 3891 2163 3939 suam
2209 3870 2471 3939 habeta
2511 3865 2793 3958 capitulo
2844 3862 3103 3937 Aurelia-

879 3981 1090 4064 nensi‚
1136 3980 1296 4051 infra
1350 3984 1591 4053 festum
1628 3982 1796 4054 beati
1838 3981 2086 4055 Martini
2145 3982 2440 4054 hiemalis
2482 3985 2826 4075 persolvet,
2866 4003 3019 4072 quos
3057 3977 3102 4049 si

878 4094 1041 4165 infra
1081 4098 1318 4166 festum
1358 4095 1600 4167 dictum
1629 4099 2030 4189 persolverit,
2067 4100 2351 4188 prefatus
2385 4098 2745 4189 R[obertus]
2778 4095 2968 4167 nichil
2993 4116 3105 4165 am-

881 4208 1045 4300 plius
1084 4213 1163 4281 ab
1203 4209 1345 4301 ipso
1377 4210 1629 4302 exigere
1687 4209 1920 4302 poterit
1987 4234 2102 4302 pro
2140 4211 2392 4283 decima
2445 4224 2818 4283 memorata.
2883 4214 3098 4281 Datum

879 4347 1051 4395 anno
1090 4321 1348 4395 Domini
1389 4327 1544 4395 MCC
1582 4325 1896 4398 vicesimo
1927 4325 2157 4417 primo,
2194 4348 2416 4398 mense
2445 4323 2652 4418 aprili.
