3485 5571
1423 1073 1621 1135 cxcll

1293 1379 1557 1441 Janvier
1588 1377 1737 1441 1221

376 1634 617 1702 Jeanne‚
650 1649 824 1688 veuve
854 1633 924 1688 de
950 1634 1190 1689 Garnier
1224 1632 1294 1688 de
1347 1632 1590 1704 Langey‚
1622 1648 1905 1703 approuve
1934 1633 1988 1687 la
2019 1638 2179 1688 vente
2205 1632 2274 1688 de
2303 1632 2354 1687 la
2384 1633 2534 1689 dime
2563 1633 2632 1688 de

653 1730 951 1785 Fontaines
979 1731 1108 1785 saite
1137 1747 1209 1785 au
1229 1728 1479 1801 chapitre
1507 1744 1609 1801 par
1637 1745 1741 1784 son
1769 1729 1918 1784 frere
1944 1729 2133 1785 Eudes
2159 1730 2345 1785 Borel.

527 1877 710 1946 (Orig.
740 1894 785 1931 s,
816 1877 1011 1948 parch.
1039 1876 1209 1932 Arch.
1238 1878 1316 1931 du
1345 1875 1552 1946 Loiret,
1596 1878 1661 1933 G.
1693 1875 1838 1946 325;
1871 1877 2122 1931 mention
2151 1875 2493 1947 Scriptum.)

473 2094 844 2179 GaufriduS‚
898 2094 1386 2166 archidiaconus
1435 2095 1986 2181 Castridunensi8‚
2033 2096 2336 2169 omnibus
2377 2118 2636 2187 presen-

382 2223 482 2281 tes
581 2212 803 2281 literas
865 2209 1253 2302 inspecturis
1314 2212 1584 2281 salutem
1644 2213 1710 2279 in
1774 2209 2075 2282 Domino.
2157 2210 2516 2282 Constituta
2568 2208 2636 2280 in

385 2339 607 2396 nostra
640 2324 971 2416 presencia
1002 2323 1237 2395 nobilis
1274 2327 1510 2395 mulier
1544 2328 1862 2408 ‹lohanna‚
1892 2324 2112 2397 relicta
2160 2324 2445 2397 defuncti
2487 2330 2636 2396 Gar-

383 2438 545 2509 nerii
584 2442 667 2510 de
706 2441 926 2529 Langi‚
993 2438 1244 2522 militis,
1306 2439 1747 2510 venditionem
1780 2444 1981 2510 totius
2021 2438 2271 2511 decime
2311 2438 2376 2510 in
2416 2463 2634 2531 parro-

383 2555 532 2625 chia
578 2556 660 2624 de
715 2555 1018 2625 Fontanis
1073 2553 1450 2637 constitute,
1513 2556 1593 2625 ad
1640 2552 1996 2624 dominium
2048 2557 2300 2625 Odonis
2340 2555 2631 2639 Bon-elli,

384 2666 644 2752 militis,
682 2666 893 2738 fratris
950 2670 1245 2759 ejusdem
1312 2668 1596 2749 domine,
1661 2668 2065 2759 pertinentis,
2123 2669 2422 2738 videlicet
2475 2670 2632 2739 duas

385 2797 605 2875 partes
656 2781 907 2855 decime
963 2781 1132 2854 bladi
1191 2797 1257 2855 et
1312 2798 1441 2854 tres
1492 2797 1704 2875 partes
1745 2784 1996 2854 decime
2038 2781 2162 2852 vini
2218 2798 2281 2853 et
2327 2781 2634 2874 quidquid

383 2896 578 2968 etiam
601 2895 662 2966 in
683 2898 925 2967 minuta
942 2900 1038 2969 vel
1055 2899 1180 2968 alia
1202 2920 1604 2989 quacumque
1622 2898 1870 2970 decima
1894 2899 1956 2967 in
1985 2899 2316 2988 parrochia
2343 2900 2632 2988 predicta

385 3009 555 3083 idem
586 3012 783 3104 O[do]
820 3013 1117 3097 habebat,
1146 3035 1334 3103 quam
1363 3011 1802 3083 venditionem
1827 3015 2107 3103 prefatus
2126 3014 2268 3082 Odo
2292 3010 2447 3082 fecit
2486 3010 2636 3081 viris

384 3124 862 3197 venerabilibus
910 3128 1155 3198 decano
1216 3140 1281 3198 et
1338 3125 1617 3218 capitulo
1682 3126 2250 3198 Aurelianensibus
2285 3125 2632 3216 sicutipse

385 3262 609 3312 coram
667 3239 855 3312 nobis
917 3244 1257 3313 consessus
1318 3255 1420 3311 est
1470 3240 1606 3312 viva
1650 3263 1832 3328 voce,
1880 3239 2016 3333 ipsa
2078 3243 2338 3331 inquam
2379 3240 2636 3312 domina

384 3353 613 3435 voluit,
666 3367 864 3425 ratam
932 3353 1153 3425 habuit
1218 3368 1282 3425 et
1353 3356 1477 3425 fide
1540 3353 1753 3426 media
1815 3357 2230 3446 approbando
2281 3353 2632 3438 concessit,

388 3466 779 3559 promittens
818 3472 940 3539 sub
980 3470 1128 3539 fidei
1169 3471 1316 3539 date
1367 3467 1621 3539 vinculo
1667 3471 1838 3559 quod
1880 3481 2101 3539 contra
2141 3471 2435 3540 eamdem
2480 3491 2632 3539 ven·

386 3580 699 3654 ditionem
774 3606 887 3674 per
934 3605 1005 3654 se
1046 3584 1142 3654 vel
1194 3605 1306 3674 per
1342 3584 1539 3653 alium
1581 3584 1659 3654 de
1700 3595 1917 3654 cetero
1978 3606 2107 3654 non
2147 3582 2414 3653 veniret.
2476 3585 2634 3653 Item

389 3718 536 3766 cum
580 3700 863 3787 prefatus
902 3699 1043 3768 Odo
1101 3695 1163 3766 in
1228 3697 1646 3768 elemosinam
1709 3695 1959 3769 dederit
2022 3711 2086 3769 et
2147 3697 2211 3766 in
2254 3712 2634 3788 perpetuum

390 3811 792 3882 concesserit
825 3809 1101 3881 ecclesie
1147 3809 1587 3880 Aurelianensi
1642 3834 1837 3881 unum
1879 3809 2206 3882 hominem
2246 3813 2326 3881 de
2371 3833 2639 3901 corpore

391 3938 453 3995 et
517 3947 778 3995 uxorem
840 3926 983 4014 ejus
1047 3947 1194 3995 cum
1251 3947 1472 3995 eorum
1532 3923 1679 3994 filiis
1728 3939 1792 3996 et
1854 3924 2132 4008 familiis,
2193 3948 2448 3996 necnon
2489 3949 2636 3996 cum

391 4037 676 4110 tenearis
702 4052 766 4110 et
806 4036 1330 4130 possessionibus
1364 4040 1769 4121 eorumdem,
1800 4041 1879 4109 ad
1920 4038 2264 4109 consilium
2305 4040 2638 4111 venerabi-

395 4151 471 4222 lis
509 4151 627 4222 viri
687 4154 818 4223 Ade
879 4155 1110 4236 Breon,
1156 4150 1630 4223 Aurelianensis
1677 4151 2139 4238 archidiaconi,
2180 4153 2632 4244 assignandoS,

374 4280 456 4346 ,et
484 4279 773 4356 preterea
806 4268 932 4335 duo
993 4280 1256 4357 arpenta
1318 4281 1485 4337 terre
1546 4289 1692 4337 cum
1740 4269 1935 4337 rebus
1982 4266 2317 4358 premissis
2353 4270 2431 4337 ad
2473 4291 2637 4359 opus

392 4381 668 4468 ecclesie
694 4379 1196 4463 Aurelianensis,
1224 4403 1349 4470 que
1380 4382 1599 4452 omnia
1626 4383 1704 4452 ad
1731 4385 2035 4472 prefatam
2068 4381 2407 4453 ecclesiam
2447 4385 2637 4472 pleno

390 4492 529 4579 jure
570 4515 718 4562 curn
777 4493 951 4563 omni
1001 4492 1292 4563 districtu
1355 4508 1420 4565 et
1475 4493 1947 4565 consuetudine
2012 4517 2087 4565 ac
2144 4493 2428 4585 justicia,
2467 4498 2640 4565 sicut

399 4605 604 4675 dictus
635 4608 777 4677 Odo
816 4608 1040 4677 eadem
1068 4608 1465 4697 possidebat,
1494 4606 1558 4678 in
1601 4622 1979 4700 perpetuum
2019 4607 2453 4699 pertinebunt,
2497 4632 2638 4700 pre-

402 4720 719 4806 nominata
769 4720 1024 4806 domina
1088 4721 1505 4808 elemosinam
1561 4724 1640 4798 de
1682 4726 1881 4798 rebus
1936 4725 2240 4798 omnibus
2298 4722 2634 4833 premissis
