3485 5571
1680 593 2032 658 -106—

742 713 917 814 ginta
957 719 1173 806 solidi,
1216 734 1282 792 et
1320 724 1384 791 in
1409 723 1514 792 die
1552 722 1972 794 anniversarii
2012 720 2224 796 uxoris
2263 736 2526 806 nostrae,
2579 719 2978 794 Constanciae

733 835 997 928 reginoe,
1033 859 1178 928 quae
1207 837 1273 907 in
1312 839 1534 909 eadem
1563 836 1838 909 ecclesia
1877 837 2387 912 consecrationis
2425 862 2559 910 suae
2585 836 2979 909 benedictio-

735 973 884 1022 nem
957 954 1235 1044 accepit,
1292 950 1708 1043 quadraginta
1757 943 1948 1022 solidi
1985 951 2314 1024 canonicis
2375 951 2505 1023 inis
2561 950 2670 1042 qui
2711 951 2976 1023 servitio

733 1065 1092 1139 intererunt
1128 1069 1593 1159 persolventur.
1640 1066 1890 1138 Primus
1922 1068 2234 1138 terminus
2266 1070 2490 1139 decem
2536 1067 2840 1138 librarum
2881 1079 2979 1162 est

732 1184 812 1253 ab
840 1183 969 1254 Isti
994 1192 1148 1253 sunt
1177 1184 1339 1265 dies,
1376 1184 1633 1273 quando
1657 1180 1886 1273 incipit
1926 1179 2139 1273 passio
2168 1180 2451 1264 Domini,
2494 1183 2703 1254 donec
2733 1180 2978 1273 integre

735 1299 1110 1368 reddantur.
1190 1299 1524 1368 Secundus
1594 1295 1909 1367 terminus
1984 1314 2245 1371 centum
2312 1296 2663 1367 solidorum
2739 1308 2864 1378 est,
2943 1319 2978 1367 a

733 1409 1012 1483 crastina
1040 1410 1142 1481 die
1166 1409 1569 1482 exaltationis
1599 1414 1849 1482 Sanctae
1889 1409 2136 1494 Crucis,
2183 1412 2389 1481 donec
2425 1408 2674 1500 integre
2714 1411 2981 1481 reddan-

733 1541 860 1597 tur.
904 1530 1031 1597 Nos
1069 1524 1262 1616 igitur
1313 1548 1348 1596 a
1410 1524 1580 1596 fideli
1637 1538 1861 1597 nostro
1890 1523 2198 1616 episcopo
2269 1521 2560 1615 requisiti
2621 1537 2686 1594 et
2748 1522 2973 1615 rogati,

733 1665 881 1715 cum
918 1643 1086 1734 apud
1127 1640 1468 1712 Karitatem
1508 1663 1827 1724 essemuS,
1875 1639 2307 1732 praesentibus
2378 1640 2678 1711 fidelibus
2742 1637 2978 1711 nostris

736 1756 969 1829 comite
996 1757 1698 1839 BtesensiTheobatdo,
1736 1769 1800 1827 et
1847 1760 2032 1827 Petro
2088 1758 2277 1827 tratre
2316 1769 2565 1839 nostro,
2607 1766 2672 1825 et
2718 1753 2975 1841 ceteris,

734 1870 1041 1964 peticioni
1065 1873 1230 1962 ejus,
1276 1893 1417 1961 quae
1447 1868 1633 1941 nobis
1661 1868 2054 1942 rationabilis
2101 1869 2456 1957 videbatur,
2519 1869 2982 1941 condescendi-

734 2008 908 2070 mm,
952 1999 1019 2057 et
1064 2007 1204 2056 rem
1240 1998 1467 2071 totam,
1532 1985 1701 2056 sicut
1771 1988 1850 2056 ab
1888 1982 2034 2076 ipso
2101 1987 2265 2055 facta
2302 1998 2431 2068 est,
2467 2005 2685 2055 amore
2742 1983 2859 2056 Dei
2916 1997 2979 2055 et

736 2099 945 2171 intuiti
993 2097 1358 2171 devocionis
1398 2123 1587 2190 quam
1653 2121 1803 2191 erga
1877 2121 1998 2170 nos
2066 2098 2281 2193 ipsum
2337 2096 2689 2191 capitulum
2744 2100 2979 2171 habere

734 2214 1091 2285 dinoscitur
1111 2211 1555 2297 concedimus,
1586 2227 1651 2286 et
1690 2212 2028 2305 praesentis
2071 2212 2293 2304 scripti
2355 2210 2710 2305 patrocinio
2749 2215 2980 2284 confir-

736 2350 1013 2400 mamuS.
1044 2331 1227 2414 Quod
1278 2342 1348 2399 ut
1384 2342 1592 2399 ratum
1629 2328 1938 2420 deinceps
1968 2340 2339 2419 permaneat
2385 2340 2449 2398 et
2500 2327 2977 2410 inconvulsum,

739 2444 980 2536 scripto
1040 2441 1476 2516 commendari
1535 2455 1600 2514 et
1636 2441 1833 2534 sigilli
1891 2441 2092 2513 nostri
2153 2443 2532 2514 auctoritate
2595 2442 2977 2513 communiri

736 2557 1181 2650 praecepimus.
1214 2562 1439 2629 Actum
1469 2556 1724 2649 publice
1750 2560 1919 2649 apud
1960 2556 2327 2643 Karitatem,
2360 2578 2531 2628 anno
2554 2557 2743 2628 Verbi
2782 2555 2985 2629 incar-

737 2671 867 2744 nati
906 2676 957 2743 M
1008 2674 1056 2743 C
1100 2675 1247 2742 LXX
1285 2675 1333 2742 1.
1378 2669 1752 2744 Astantibus
1791 2675 1861 2741 in
1913 2669 2159 2763 palacio
2218 2684 2442 2742 nostro
2494 2693 2770 2760 quorum
2828 2674 2983 2743 sub·
3067 2659 3070 2662 i

738 2785 976 2879 scripta
1031 2801 1184 2859 sunt
1245 2784 1506 2859 nomina
1567 2801 1633 2859 et
1693 2784 1901 2878 signa.
1963 2791 2030 2857 S.
2098 2784 2357 2858 comitis
2433 2790 2507 2858 T.
2566 2785 2856 2878 dapiferi.
2907 2788 2975 2859 S.

740 2901 1047 2974 Gnidonis
1105 2900 1489 2974 buticularii.
1535 2906 1601 2974 S.
1646 2898 1891 2974 Mathaei
1932 2900 2286 2973 camerarii.
2329 2906 2396 2972 S.
2439 2903 2690 2974 Radulfi
2726 2915 2980 2974 consta-

741 3016 996 3090 butarii.

824 3135 982 3204 Data
1011 3153 1125 3226 per
1162 3154 1425 3204 manum
1458 3131 1742 3225 Hugonis
1784 3131 2150 3206 canceltarii
2187 3133 2754 3226 (Monoqrammc).

1795 3474 1928 3536 LIV

1207 3731 1414 3809 Pari3‚
1448 3729 1561 3812 [1or
1592 3731 1750 3792 aout
1774 3728 1931 3792 1143
1963 3728 1995 3791 a
2027 3729 2105 3793 25
2134 3746 2315 3792 mars
2345 3729 2525 3810 1144]
2561 3816 2568 3826 ς

738 3958 909 4018 Leuis
936 3958 1040 4016 vn
1064 3958 1360 4015 affranchit
1393 3960 1449 4016 la
1474 3959 1604 4015 villa
1645 3958 1716 4014 de
1757 3959 2003 4014 Tratnou
2032 3958 2104 4014 de
2130 3958 2183 4015 la
2211 3958 2362 4015 taille
2388 3959 2463 4015 du
2493 3959 2626 4032 pain
2650 3964 2707 4016 et
2751 3959 2827 4017 dn
2863 3960 2978 4017 vin.

1474 4157 1673 4230 (Copie
1705 4156 1775 4213 de
1801 4157 2021 4228 Baium,
2046 4173 2106 4229 p.
2133 4157 2248 4227 67).

1003 4255 1172 4328 (Pub.
1192 4255 1484 4312 Luchaire.
1510 4256 1603 4310 Et.
1625 4271 1729 4311 sur
1752 4256 1832 4310 les
1852 4258 2002 4310 actes
2021 4254 2094 4309 de
2113 4253 2287 4311 Louis
2324 4254 2450 4325 VII,
2476 4272 2531 4330 p.
2562 4254 2715 4326 368).

831 4504 905 4570 In
938 4498 1199 4571 nomine
1251 4513 1474 4571 sancte
1533 4522 1608 4571 ac
1661 4498 1987 4571 individue
2033 4498 2384 4572 Trinitatis.
2425 4504 2558 4592 Ego
2594 4499 2978 4584 Ludovicu3‚

739 4610 854 4689 Dei
904 4611 1101 4711 gratia
1160 4634 1266 4689 rex
1305 4616 1690 4689 Francorum
1744 4625 1809 4684 ct
1847 4615 1968 4683 dux
2008 4612 2491 4713 Aquitanorum.
2549 4611 2753 4713 Digne
2801 4613 2981 4688 beni-
