3485 5571
1786 698 1863 709 -
1906 662 2023 726 436
2066 697 2143 708 -

836 813 1027 881 quam
1082 790 1218 882 ipse
1270 793 1569 873 habebat,
1611 792 1869 861 tenebat
1907 804 1968 860 et
2012 787 2385 879 possidebat
2417 801 2478 858 et
2525 791 2932 879 explectabat
2968 802 3082 857 tam

837 906 1097 976 nomine
1142 926 1261 975 suo
1299 927 1491 995 quam
1535 905 1794 974 nomine
1841 901 2056 973 uxoris
2088 925 2205 973 sue
2246 904 2534 993 predicte
2581 924 2776 991 quam
2821 904 3083 971 aliarum

834 1016 1262 1109 predictarum
1315 1040 1762 1109 personarum,
1813 1014 2167 1088 Aurelianis
2206 1018 2398 1086 sitam
2451 1016 2514 1086 in
2568 1039 2807 1104 magno
2858 1015 3083 1087 allodio

826 1134 1000 1223 juxta
1038 1135 1303 1203 domum
1341 1130 1486 1215 Dei,
1514 1155 1588 1203 ex
1628 1155 1754 1202 uua
1795 1144 1997 1222 parte,
2039 1144 2105 1201 et
2141 1153 2215 1202 ex
2246 1129 2367 1202 alia
2398 1142 2573 1221 parte
2601 1133 2778 1221 juxta
2824 1133 3079 1199 domum

829 1244 1048 1317 Jacobi
1105 1244 1364 1328 Gerarii,
1409 1245 1776 1336 contiguam
1830 1247 2044 1337 platee
2084 1246 2393 1316 heredum
2438 1243 2720 1315 defuncti
2775 1242 3086 1314 Jobannis

830 1362 910 1432 de
954 1365 1265 1446 Martreto‚
1301 1362 1621 1450 quondam
1668 1358 1993 1450 concergii
2042 1361 2123 1430 de
2162 1361 2576 1449 Albegniaco,
2631 1357 2793 1430 etin
2833 1357 3087 1429 censiva

829 1472 981 1545 dicti
1022 1472 1283 1566 capituli
1333 1472 1548 1558 sitam,
1599 1497 1723 1564 que
1764 1476 1997 1544 domus
2043 1496 2191 1544 cum
2235 1471 2649 1564 pertinenciis
2684 1472 3089 1563 protenditur

830 1611 865 1659 a
905 1590 1047 1660 vico
1084 1586 1237 1659 dicti
1274 1587 1488 1678 magni
1538 1586 1754 1659 allodii
1796 1610 2002 1678 usque
2044 1588 2122 1658 ad
2163 1586 2373 1658 vicum
2424 1585 2639 1657 Sancti
2671 1585 2987 1672 mauricii,
3028 1599 3088 1657 et

829 1724 955 1793 que
994 1704 1225 1773 domus
1279 1702 1396 1773 suit
1443 1703 1768 1793 quondam
1828 1700 2061 1793 partim
2117 1702 2289 1772 dicte
2327 1703 2411 1772 La
2450 1702 2675 1772 Motele
2735 1716 2801 1771 et
2864 1699 3087 1793 partim

829 1813 998 1886 Petri
1037 1818 1117 1886 de
1143 1818 1361 1887 Cuneo
1386 1816 1649 1888 troverii
1684 1820 1795 1907 (‘?),
1823 1816 2064 1907 quitam
2094 1830 2161 1886 et
2192 1815 2455 1886 liberam
2481 1817 2561 1886 ab
2588 1814 2900 1886 omnibus
2927 1813 3088 1886 obli-

828 1928 1216 2020 gatiombus,
1261 1929 1517 2001 tributis
1576 1944 1640 2002 et
1697 1928 2140 2002 exactionibus
2191 1943 2599 2021 preterquam
2658 1931 2737 2000 de
2778 1952 2992 2000 censu
3028 1942 3088 1998 et

829 2045 910 2114 de
948 2042 1446 2115 revelationibus
1486 2047 1746 2134 quando
1795 2067 1906 2115 eas
1958 2041 2229 2134 contigit
2272 2045 2556 2127 evenire,
2589 2046 2807 2136 precio
2849 2045 3089 2114 ducen-

828 2170 1034 2228 tarum
1064 2170 1128 2227 et
1149 2159 1375 2229 decem
1399 2158 1702 2228 librarum
1746 2156 2226 2249 parisiensium.
2255 2160 2328 2228 Et
2354 2159 2434 2227 de
2464 2155 2888 2249 possessione
2912 2168 3081 2229 εἰσ...

829 2292 901 2341 se
938 2268 1242 2342 desesivit
1265 2285 1329 2341 et
1368 2270 1609 2341 dictum
1644 2269 1994 2362 capitulum
2019 2269 2344 2341 investivit
2370 2282 2545 2341 etc...
2589 2270 2889 2362 promisit
2910 2283 3081 2343 εἰσ..

829 2382 1135 2454 Promisit
1172 2382 1437 2475 insuper
1472 2395 1645 2455 εἰσ...
1683 2384 2074 2455 Promittens
2100 2380 2273 2456 εἰσ...
2316 2387 2584 2475 Insuper
2621 2389 2970 2457 consessus
2989 2399 3085 2456 est

829 2520 1046 2569 coram
1085 2497 1273 2569 nobis
1313 2497 1524 2569 dictus
1562 2504 1910 2590 quuetus,
1962 2512 2089 2568 tam
2133 2497 2393 2570 nomine
2426 2522 2545 2570 suo
2584 2522 2775 2590 quam
2817 2501 3085 2571 nomine

831 2612 1269 2701 procuratorio
1299 2612 1724 2703 predictarum
1764 2635 2206 2704 personarum,
2238 2635 2308 2684 se
2333 2613 2638 2685 habuisse
2665 2627 2727 2684 et
2753 2612 3082 2704 recepisse

829 2749 864 2798 a
914 2724 1201 2818 predicto
1238 2728 1520 2819 capitulo
1568 2727 1889 2820 predictas
1935 2729 2248 2799 ducentas
2302 2739 2365 2799 et
2402 2730 2623 2800 decem
2672 2730 2873 2801 libras
2919 2729 3084 2821 pari·

831 2840 1144 2913 siensium
1187 2853 1361 2914 εἰσ...
1407 2840 1816 2913 Renuncians
1852 2853 2021 2915 εἰσ...
2063 2845 2138 2912 Et
2178 2858 2486 2933 quantum
2540 2844 2618 2913 ad
2657 2843 2877 2915 omnia
2943 2865 3081 2934 pro·

831 2953 1030 3026 missa
1100 2967 1275 3027 εἰσ...
1350 2954 1565 3026 omnia
1634 2958 1800 3026 bona
1865 2967 2034 3028 εἰσ...
2102 2955 2275 3028 dicto
2348 2954 2627 3048 capitulo
2690 2954 3074 3049 obligavit...

833 3091 1086 3140 necnon
1125 3070 1297 3141 idem
1336 3073 1661 3160 quuetus
1692 3091 1805 3161 pro
1846 3093 1917 3141 se
1957 3085 2023 3141 et
2069 3091 2181 3161 per
2218 3072 2409 3142 fidem
2438 3085 2503 3142 et
2542 3093 2658 3162 pro
2691 3069 2835 3141 aliis
2866 3092 3081 3162 perso-

832 3183 934 3253 nis
984 3182 1370 3275 supradictis
1418 3183 1790 3275 specialiter
1849 3182 2154 3274 obligavit
2200 3185 2462 3256 domum
2513 3207 2721 3267 suam,
2787 3183 3080 3257 videlicet

833 3311 1080 3389 portam
1148 3296 1667 3390 Burgond[icam]
1742 3320 1886 3367 cum
1954 3296 2255 3369 omnibus
2327 3298 2749 3389 pertinenciis
2823 3298 2961 3370 suis
3019 3310 3077 3369 et

833 3410 1045 3482 omnia
1083 3412 1203 3483 alia
1248 3415 1415 3482 bona
1453 3434 1571 3482 sua
1598 3423 1771 3482 εἰσ...
1806 3415 1875 3481 ln
1917 3413 2102 3503 cujus
2139 3411 2230 3482 rei
2285 3413 2657 3484 memoriam
2695 3426 2759 3484 et
2791 3414 3075 3485 testimo-

832 3525 1010 3595 nium
1063 3527 1475 3616 presentibus
1516 3524 1749 3597 litteris
1789 3525 2070 3616 sigillum
2110 3525 2288 3597 curie
2339 3541 2564 3598 nostre
2596 3528 2677 3598 ad
2717 3525 3075 3619 requisitio·

831 3661 979 3710 nem
1011 3637 1162 3710 dicti
1193 3638 1458 3730 quueti
1488 3638 1785 3710 duximus
1820 3642 2301 3731 apponendum.
2342 3644 2575 3713 Datum
2615 3663 2786 3712 anno
2817 3640 3074 3713 Domini

830 3750 1173 3823 millesimo
1214 3752 1657 3825 ducentesimo
1712 3752 2188 3843 septuagesimo
2239 3755 2468 3844 primo,
2516 3754 2621 3825 die
2660 3753 2886 3827 martis
2938 3766 3072 3846 post

828 3865 1349 3957 Assumptionem
1380 3870 1563 3939 beate
1603 3864 1791 3937 Marie
1826 3864 2116 3958 virginis.

2432 3988 2807 4056 Aunuows.
