3485 5571
1804 923 1992 982 CCCX
2008 922 2128 983 Lvt

1738 1212 1815 1274 27
1840 1214 1988 1293 juin
2034 1212 2194 1276 1279

910 1443 1026 1499 Bail
1057 1458 1157 1514 par
1184 1440 1237 1499 le
1261 1440 1512 1512 chapitre
1538 1442 1571 1495 a
1600 1439 1795 1495 Pierre
1824 1440 1894 1495 de
1931 1441 2136 1496 Broces
2164 1440 2234 1495 de
2262 1440 2512 1497 maisons
2536 1441 2568 1494 a
2595 1441 3031 1497 saint-vincent

836 1539 991 1594 etde
1037 1539 1073 1593 4
1114 1543 1341 1611 arpents
1387 1542 1441 1592 et
1471 1536 1620 1593 demi
1676 1536 1748 1591 de
1778 1536 1960 1608 vigne,
2001 1552 2147 1607 pour
2178 1553 2255 1592 un
2283 1536 2438 1608 loyen·
2480 1536 2552 1593 de
2594 1536 2666 1593 30
2695 1554 2834 1592 sous
2864 1536 3080 1609 parisis.

1303 1706 1484 1776 (Or-ig.
1512 1723 1559 1761 s.
1594 1706 1789 1778 pasch.
1820 1706 1990 1762 Arch.
2018 1705 2095 1761 du
2133 1706 2341 1777 Loiret,
2373 1706 2441 1762 G.
2477 1705 2628 1773 268).

925 1949 1246 2022 Universis
1298 1964 1635 2042 presentes
1688 1949 1933 2021 litteras
1999 1948 2390 2041 inspecturis
2451 1948 2750 2021 officialis
2810 1949 3084 2022 Aurelia-

833 2065 1058 2137 nensis
1108 2068 1378 2135 salutem
1424 2063 1487 2133 in
1550 2063 1850 2135 Domino.
1907 2065 2222 2135 Noveritts
2260 2066 2431 2154 quod
2494 2062 2558 2132 in
2602 2079 2897 2136 nostrum
2950 2087 3086 2156 pre·

833 2184 1039 2253 sentia
1080 2178 1469 2250 constitutus
1524 2181 1750 2248 Petrus
1790 2180 1871 2248 de
1927 2179 2176 2260 Brocis,
2220 2175 2497 2248 clericus
2541 2178 2934 2250 venerabilis
2975 2176 3080 2246 viri

832 2292 1121 2384 magistri
1149 2291 1459 2363 Johannis
1498 2294 1578 2363 de
1605 2291 1853 2372 Brocis,
1888 2289 2180 2361 ranonici
2208 2291 2714 2374 Aurelianensis,
2749 2296 3081 2364 confessus

831 2402 1031 2481 estin
1085 2408 1232 2498 jure
1287 2429 1501 2476 coram
1553 2408 1745 2476 nobis
1803 2427 1875 2476 se
1920 2405 2253 2496 accepisse
2299 2428 2335 2477 a
2407 2406 2881 2478 venerabilibus
2942 2405 3079 2475 viris

831 2524 1077 2593 decano
1116 2536 1179 2591 et
1209 2520 1488 2610 capitulo
1525 2517 2096 2589 Aurelianensibus
2135 2522 2444 2609 quasdam
2488 2522 2719 2590 domos
2761 2542 2923 2610 quas
2961 2518 3077 2609 ipsi

828 2637 1068 2705 habent
1115 2632 1176 2702 in
1218 2633 1550 2723 parrochia
1590 2631 1810 2703 Sancti
1847 2630 2172 2703 Vincencii
2238 2631 2299 2700 in
2337 2633 2554 2704 Vineis
2608 2633 3074 2704 Aurelianensis

829 2771 975 2821 cum
1012 2746 1413 2840 pertinentiis
1444 2746 1606 2831 suiS‚
1640 2768 1764 2837 que
1805 2748 2128 2837 quondam
2157 2749 2415 2817 fuerunt
2446 2747 2750 2821 deffuncti
2796 2745 3070 2840 magistri

832 2864 1135 2954 Stephani
1175 2864 1253 2932 de
1288 2861 1576 2946 Noemio,
1612 2860 1855 2944 clerici,
1899 2874 1964 2931 et
2003 2876 2275 2951 quatuor
2311 2877 2576 2954 arpenta
2622 2886 2771 2933 cum
2813 2862 3064 2934 dimidio

832 2977 1156 3048 vinearum
1187 2980 1308 3046 sita
1347 2978 1516 3067 apud
1556 2979 1767 3048 locum
1795 2977 1903 3066 qui
1944 2978 2179 3046 dicitur
2207 2979 2492 3068 Ostrays‚
2540 2981 2849 3060 tenenda,
2883 2975 3068 3070 possi-

829 3094 1064 3174 denda,
1126 3091 1541 3182 explectanda
1596 3105 1660 3161 et
1720 3092 2068 3161 excolenda
2117 3095 2196 3160 ab
2248 3094 2478 3162 eodem
2535 3095 2722 3163 Petro
2780 3089 3064 3183 quamdiu

832 3204 1050 3277 vixerit
1107 3209 1229 3275 sub
1281 3227 1492 3274 annua
1545 3204 1857 3295 pensione
1917 3204 2175 3294 triginta
2232 3202 2583 3276 solidorum
2626 3206 3063 3297 parisiensium

832 3318 1093 3411 prefatis
1140 3320 1386 3389 decano
1425 3333 1490 3389 et
1528 3320 1811 3409 capitulo
1853 3322 1945 3389 vel
1987 3341 2210 3390 eorum
2246 3322 2544 3391 mandato
2588 3321 2868 3412 singulis
2895 3319 3062 3391 annis

828 3436 906 3501 ab
956 3430 1096 3522 ipso
1156 3436 1341 3504 Petro
1395 3414 1687 3502 terminis
1740 3431 2163 3522 sequentibus
2222 3434 2722 3517 reddendorum,
2786 3434 3062 3506 videlicet

825 3543 1192 3635 quindecim
1222 3543 1463 3615 solidos
1491 3543 1939 3634 parisiensium
1979 3546 2057 3614 ad
2098 3544 2621 3617 Purilicacionem
2663 3550 2853 3618 beate
2893 3544 3057 3618 llarie

824 3658 1128 3751 Virginis,
1196 3676 1259 3732 et
1321 3662 1480 3732 alios
1538 3659 1912 3751 quindecim
1978 3661 2220 3731 solidos
2266 3663 2344 3731 ad
2423 3665 2940 3734 Penthecostem.
2994 3663 3060 3731 Et

826 3771 1124 3864 promisit
1162 3771 1329 3844 idem
1379 3778 1603 3845 Petrus
1643 3777 1810 3845 bona
1859 3776 1983 3844 fide
2029 3777 2199 3864 quod
2260 3773 2399 3866 ipse
2442 3789 2635 3867 ponet
2675 3775 2739 3845 in
2781 3776 3059 3849 meliora-

825 3888 1070 3957 tionem
1137 3885 1447 3958 dictarum
1509 3890 1844 3958 domorum
1896 3888 2120 3958 decem
2179 3887 2371 3959 libras
2413 3889 2866 3980 parisiensium
2917 3888 3056 3958 inlra

825 4005 989 4073 duos
1026 4024 1232 4073 annos
1271 4026 1305 4074 a
1342 4002 1676 4074 Nativitate
1725 4001 1889 4073 beati
1924 4003 2234 4074 lobannis
2289 4004 2511 4075 ultimo
2555 4005 2855 4096 preterita
2898 4026 3054 4076 com·

827 4118 1191 4207 putandos;
1256 4116 1546 4207 promisit
1597 4116 1788 4187 etiam
1831 4116 2034 4187 dictas
2094 4117 2312 4189 vineas
2366 4120 2653 4189 excolere
2702 4142 2819 4189 seu
2868 4117 3049 4190 excoli

824 4233 1033 4302 facere
1079 4252 1249 4302 anno
1301 4231 1584 4321 quolibet
1642 4233 1721 4301 de
1775 4230 2077 4302 omnibus
2130 4231 2518 4303 (actionibus
2557 4232 3052 4324 competentibus

825 4347 1034 4434 quoad
1093 4343 1336 4428 vixerit,
1400 4360 1464 4415 et
1534 4343 1740 4415 dictos
1789 4345 2045 4435 triginta
2087 4345 2330 4417 solidos
2370 4351 2619 4418 solvere
2657 4364 2844 4438 prout
2883 4367 3049 4438 supe·

824 4458 956 4529 rius
995 4473 1094 4530 est
1133 4482 1529 4550 expressum.
1562 4462 1637 4530 Et
1681 4475 1988 4548 quantum
2029 4462 2109 4530 ad
2141 4460 2355 4533 omnia
2395 4476 2457 4532 et
2502 4461 2751 4552 singula
2789 4461 3045 4553 predicta

825 4577 1124 4656 tenenda,
1178 4573 1491 4657 facienda,
1534 4573 1802 4644 firmiter
1837 4588 1901 4646 et
1943 4574 2215 4646 fideliter
2252 4598 2329 4647 ac
2368 4575 2818 4649 inviolabiliter
2856 4579 3049 4649 obser·
