3485 5571
1510 628 1630 694 205
1670 664 1748 675 —-

410 759 663 830 ciente
696 771 759 831 et
787 760 1186 831 concedente
1223 755 1504 850 capitulo
1548 761 1783 829 Sancte
1817 758 2065 841 Crucis,
2109 755 2385 830 ecclesie
2454 761 2695 849 Gargo-

407 870 676 963 gilensi
713 873 819 963 jus
893 884 1268 963 patronatus
1332 869 1609 943 ecclesie
1667 872 1748 942 de
1828 869 2092 942 Noemio
2140 869 2485 943 liberaliter
2539 893 2694 943 con-

406 985 668 1069 cessit,
709 1000 773 1056 et
804 984 1082 1077 benigne
1122 1007 1268 1067 nos,
1296 999 1603 1076 quantum
1645 984 1708 1055 in
1779 983 1966 1055 nobis
2032 997 2157 1069 est,
2211 987 2473 1076 provide
2534 984 2691 1057 libe-

406 1098 675 1172 ralitati
710 1123 827 1172 sue
865 1112 1152 1172 nostram
1188 1097 1644 1192 imper-cientes
1673 1122 2038 1181 assensum,
2077 1098 2486 1171 donationem
2519 1099 2689 1170 illam

405 1218 901 1307 approbamus,
978 1227 1043 1285 et
1093 1236 1237 1285 eam
1298 1213 1362 1284 in
1404 1228 1785 1306 perpetuum
1853 1225 2054 1285 ratam
2121 1215 2434 1286 habentes
2498 1212 2692 1306 sigilli

409 1328 649 1401 nostri
687 1331 1099 1401 attestatione
1140 1330 1620 1400 confirmamus.
1666 1335 1897 1400 Actum
1924 1351 2093 1401 anno
2121 1328 2322 1420 gratie
2361 1333 2411 1399 Μ
2451 1330 2692 1400 ducen-

412 1458 701 1517 leslmo.

1440 1833 1678 1895 Cxxlu

1478 2135 1639 2200 1200

2672 2344 2706 2363 O

418 2413 556 2471 Don
589 2429 697 2487 par
720 2413 970 2487 l’eveqne
997 2413 1292 2470 d’Orleans
1318 2430 1391 2469 au
1420 2413 1668 2486 chapitre
1692 2414 1772 2470 du
1801 2429 1937 2470 cens
1963 2413 2034 2470 de
2056 2413 2112 2470 ln
2137 2413 2354 2470 maison
2377 2413 2448 2470 de
2469 2414 2688 2471 l’archi-

1298 2509 1488 2566 diacre
1512 2509 1815 2568 Cadulcus.

1059 2679 1235 2752 (Or-ig.
1266 2680 1436 2737 Arch.
1469 2679 1547 2736 du
1574 2679 1785 2753 Loiret,
1816 2680 1884 2736 G.
1913 2679 2067 2753 268).

518 2931 740 3018 lingo,
775 2927 891 2997 Dei
928 2926 1129 3017 gratia
1156 2923 1635 2997 Aurelianensis
1671 2923 2043 3018 episcopus,
2087 2926 2388 2998 omnibus
2412 2929 2491 2997 ad
2521 2950 2685 3019 quos

426 3054 775 3132 presentes
813 3039 1024 3112 littere
1072 3037 1479 3131 pervenerint
1541 3038 1604 3109 in
1682 3054 2087 3131 perpetuum.
2131 3043 2362 3112 Notum
2416 3042 2684 3113 facimus

423 3153 756 3227 universis
796 3154 1201 3247 presentibus
1241 3155 1475 3245 pariter
1522 3166 1587 3223 et
1622 3153 1854 3225 suturis
1911 3156 2082 3246 quod
2144 3167 2348 3225 totum
2415 3176 2682 3227 censum

425 3268 538 3360 qui
580 3268 774 3341 nobis
814 3272 894 3341 de
932 3272 1125 3340 domo
1165 3268 1447 3339 defuncti
1490 3269 1771 3354 Cadulci,
1813 3270 2137 3360 quondam
2205 3269 2682 3341 Aurelianensis

427 3382 900 3469 archidiaconi,
942 3384 1268 3455 annuatim
1339 3384 1717 3465 debebatur,
1782 3386 1917 3454 Deo
1981 3398 2043 3455 et
2115 3386 2392 3455 ecclesie
2453 3388 2684 3457 Sancte

428 3498 658 3570 Crucis
678 3503 746 3570 in
768 3500 1187 3570 elemosinam
1215 3494 1609 3568 contulimus
1640 3510 1950 3589 perpetuo
1978 3500 2470 3589 possidendum.
2497 3501 2683 3585 Quod

431 3625 503 3683 ut
533 3625 746 3684 ratum
789 3624 1079 3684 teneatur
1113 3623 1178 3682 et
1216 3624 1442 3681 notum
1477 3624 1875 3702 permaneat,
1950 3624 2315 3703 presentem
2379 3611 2676 3704 pagiuam

431 3727 671 3801 litteris
711 3740 1079 3799 annotatam
1117 3724 1308 3817 sigilli
1374 3722 1575 3796 nostri
1638 3740 1961 3798 caractere
2031 3726 2304 3799 fecimus
2370 3729 2680 3799 roborari.

434 3845 661 3914 Actum
763 3864 933 3914 anno
1016 3837 1476 3913 incarnationis
1542 3839 1878 3912 Dominice
1960 3839 2302 3914 millesimo
2383 3844 2687 3915 ducente-

436 3977 623 4031 simo.
