3485 5571
1339 631 1694 694 —173—

350 756 581 828 istam
620 759 896 830 laudavit
946 773 1010 831 et
1049 759 1245 832 voluit
1298 773 1363 831 et
1401 782 1475 830 ex
1523 773 1700 849 parte
1754 781 1868 829 sua
1923 758 2252 829 hominem
2291 760 2635 851 appellavit

352 874 736 943 Robertum
778 877 1074 944 Suavem.
1124 878 1251 944 Nos
1288 896 1462 955 vero,
1507 875 1586 943 de
1642 875 1827 964 cujus
1866 875 2055 944 leudo
2096 872 2358 964 majoria
2399 887 2535 945 erat
2572 889 2636 944 et

349 1001 501 1088 est,
548 986 913 1079 pactionem
944 986 1132 1058 istam
1176 988 1573 1059 laudavimus
1612 1001 1679 1057 et
1716 988 2077 1072 laudamuS,
2117 985 2634 1058 confirmavimus

350 1115 426 1172 et
470 1104 946 1173 confirmamus
968 1101 1161 1173 salvis
1201 1100 1783 1173 consuetudinibus
1825 1098 2101 1173 ecclesie
2142 1105 2374 1171 Sancte
2415 1100 2635 1173 Crucis

350 1229 425 1286 et
470 1218 608 1286 sub
638 1218 1044 1287 anathemate
1097 1216 1430 1308 posuimus
1496 1228 1560 1286 et
1612 1212 1918 1306 ponimus
1973 1236 2202 1285 omnes
2259 1213 2367 1305 qui
2421 1213 2629 1286 eidem

350 1327 692 1400 Reinaldo
732 1332 829 1401 vel
870 1330 1218 1401 heredibus
1258 1328 1394 1400 suis
1435 1334 1499 1400 in
1545 1331 1664 1400 hac
1705 1344 1883 1420 parte
1932 1328 1997 1399 in
2037 1331 2385 1420 dampnum
2418 1328 2632 1400 extite-

353 1440 532 1512 rint.
582 1443 738 1514 Huic
789 1457 1003 1515 autem
1043 1442 1320 1535 pactioni
1367 1441 1793 1514 interfuerunt
1837 1441 2017 1513 multi
2044 1458 2171 1513 tam
2196 1441 2413 1513 clerici
2441 1465 2631 1532 quam

353 1555 519 1656 laici
561 1580 835 1649 quorum
876 1559 1137 1629 nomina
1167 1557 1528 1649 subscripta
1569 1559 2028 1629 continentur:
2068 1559 2351 1628 Andreas
2409 1570 2634 1627 cantor

354 1674 617 1743 Sancte
656 1670 899 1759 Crucis,
939 1677 1328 1745 Marascotus
1366 1670 1885 1756 archidiaconuS,
1927 1673 2232 1742 Radulsus
2259 1685 2625 1753 succentor,

351 1786 734 1856 Everardus
806 1784 1197 1877 prepositus,
1273 1790 1451 1878 Hugo
1510 1785 1734 1870 viator,
1801 1786 2178 1856 Guillelmus
2236 1784 2490 1854 Billardi
2567 1799 2631 1855 et

350 1899 707 1970 Johannes
782 1902 975 1970 frater
1033 1902 1200 1990 ejus,
1249 1902 1574 1971 Johannes
1639 1902 2013 1982 phariseus,
2079 1899 2425 1969 Herbertus
2478 1900 2630 1969 Por·

355 2015 610 2099 cellus,
663 2017 939 2085 Thomas
997 2017 1077 2085 de
1131 2013 1458 2098 blaniaco,
1500 2018 1797 2104 Paganus
1840 2016 1919 2085 de
1981 2011 2292 2096 Maceriis,
2339 2016 2629 2103 Paganus

355 2125 593 2213 Canis,
623 2131 847 2198 Petrus
875 2130 955 2199 de
986 2130 1183 2212 Colle,
1224 2130 1708 2199 Bartholomeus
1732 2129 1812 2198 de
1838 2129 2040 2210 Colle,
2063 2131 2290 2198 Petrus
2331 2131 2625 2209 Lenters,

358 2239 682 2311 Girardus
723 2245 1019 2328 Burnarz,
1051 2243 1316 2312 Alai-dus
1350 2249 1616 2331 Augai-z,
1661 2245 1885 2312 Petrus
1946 2238 2401 2321 Bartholomei,
2444 2244 2624 2330 Hugo

358 2359 700 2442 Camelus,
765 2356 1095 2450 Philippus
1145 2360 1224 2428 de
1260 2357 1481 2440 Gubri,
1526 2360 1888 2429 Bernardus
1954 2361 2270 2442 BurneuS,
2316 2360 2628 2427 Martinus

360 2474 446 2543 de
491 2471 690 2556 Clari,
722 2476 1045 2544 lohannes
1087 2472 1347 2555 Chains,
1393 2478 1616 2544 Petrus
1647 2476 1728 2544 de
1767 2471 2151 2543 Montebnrri
2190 2485 2253 2542 et
2297 2475 2624 2542 lohannes

362 2589 572 2657 frater
596 2589 763 2678 ejus,
805 2586 1180 2658 Laurentius
1220 2591 1455 2678 Coqus,
1500 2590 1817 2658 Robertus
1850 2589 2048 2678 maJor
2101 2587 2180 2657 de
2223 2590 2430 2670 Petra,
2471 2581 2616 2657 Offo

363 2703 693 2782 MorelluS,
739 2704 1051 2773 Robertus
1104 2705 1397 2794 ProgerS,
1440 2700 1755 2772 Galterius
1795 2699 1857 2772 Li
1890 2704 2083 2783 clers,
2123 2703 2427 2770 Girardus
2467 2704 2625 2770 Foa-

363 2815 614 2899 ceriu5‚
656 2817 939 2906 Huque
979 2818 1304 2900 Marziaco,
1334 2814 1719 2886 Benedictus
1759 2817 1840 2885 de
1867 2818 2063 2896 Colle,
2095 2817 2289 2884 Adam
2316 2815 2395 2885 de
2421 2817 2616 2884 Colle.

365 2931 563 3016 Quod
604 2943 671 3000 ut
708 2932 960 3000 firmum
998 2930 1275 3022 posteris
1326 2944 1391 3001 et
1430 2928 1888 3002 inconcussum
1923 2943 2199 3012 maneat,
2242 2926 2436 3019 sigilli
2473 2951 2622 2999 nos-

365 3045 443 3115 tri
488 3043 868 3116 auctoritate
902 3068 1171 3136 presens
1212 3044 1521 3137 scriptum
1564 3043 2128 3117 communivimus·

1432 3410 1557 3474 XC!

1413 3691 1571 3752 1176

423 3918 833 3975 L’archidiacre
878 3917 1169 3974 d'Orleans
1219 3918 1458 3973 Herbert
1486 3920 1756 3973 conflrme
1789 3919 1838 3973 la
1867 3918 2129 3975 donation
2160 3919 2227 3975 de
2254 3920 2465 3991 l'eglise
2489 3922 2557 3976 de

368 4013 647 4069 Chilleurs
668 4017 705 4069 a
733 4015 789 4069 la
834 4013 1050 4069 maison
1081 4013 1150 4069 de
1174 4013 1227 4068 la
1253 4013 1514 4069 Gervaise
1544 4019 1599 4068 et
1617 4014 1976 4085 l'exemption
1998 4015 2067 4070 de
2093 4015 2297 4087 synode
2319 4021 2371 4070 et
2394 4015 2463 4071 de
2483 4017 2613 4086 gite.

844 4179 1019 4250 (orig.
1052 4196 1099 4234 s.
1126 4179 1315 4247 par-ch.
1343 4179 1512 4235 Arch.
1544 4178 1619 4234 dn
1648 4179 1861 4248 Loiret,
1894 4180 1960 4235 G.
1993 4179 2143 4249 321).

457 4397 630 4469 Licet
703 4396 1143 4469 universorum
1223 4397 1502 4469 fidelium
1570 4399 1822 4468 devotio
1888 4399 2174 4468 Ecclesie
2250 4396 2613 4468 commodis

376 4509 771 4584 incessanter
830 4525 1049 4583 eterne
1100 4510 1641 4584 remunerationis
1692 4511 1925 4581 intuitu
1980 4510 2310 4602 invigilare
2351 4513 2604 4593 debeat,

375 4623 437 4697 id
473 4640 686 4697 tamen
735 4624 1147 4697 sollicitudini
1188 4649 1411 4698 eorum
1463 4625 1807 4717 specialius
1865 4624 2177 4696 incumbit
2236 4623 2343 4715 qui
2406 4627 2613 4696 eccle-
