3485 5571
1760 633 1992 699 -200
2035 668 2114 682 -

807 758 916 852 qui
971 758 1299 835 canonicis
1354 761 1462 856 qui
1537 759 1853 855 obsequio
1916 761 2280 836 intererunt
2336 763 2727 837 dividentur.
2769 767 2906 837 Has
2949 785 3055 835 au-

808 889 939 948 tem
972 877 1113 948 ΧΧ“ί
1151 876 1344 948 libras
1393 899 1591 968 super
1636 877 1926 949 redditus
1963 878 2111 949 illos
2151 901 2317 969 quos
2356 881 2436 950 ab
2471 880 2700 951 Odone
2739 879 2942 950 milite
2979 881 3054 949 de

806 993 1029 1083 Ruppe
1066 1003 1132 1063 et
1168 996 1354 1064 Petro
1387 990 1593 1062 milite
1632 992 1713 1063 de
1754 993 1937 1063 Bullo
1963 990 2243 1063 emimus
2291 995 2458 1083 apud
2502 995 2781 1078 Rullum,
2822 1005 2893 1064 et
2949 1015 3054 1063 su·

805 1127 921 1198 per
957 1117 1158 1177 terras
1197 1105 1499 1191 arabiles,
1540 1128 1700 1197 quas
1741 1128 1779 1176 a
1827 1108 2071 1198 majore
2106 1105 2380 1199 Strepeti
2409 1106 2709 1180 similiter
2746 1105 3049 1191 emimus,

801 1217 1271 1311 assignavimus
1297 1242 1370 1293 ea
1396 1218 1772 1292 conditione
1795 1233 1888 1306 ut,
1930 1220 1985 1292 si
2016 1243 2361 1293 successor
2387 1219 2739 1313 episcopus
2770 1219 3055 1315 predicta

803 1355 931 1425 que
955 1332 1229 1426 propriis
1263 1333 1626 1425 sumptibus
1670 1332 2132 1426 acquisivimus
2169 1337 2411 1406 habere
2449 1335 2745 1419 voluerit,
2803 1336 3056 1428 predic-

805 1460 902 1518 tas
947 1449 1092 1518 XX‘¹
1121 1447 1313 1520 libras
1348 1450 1427 1520 ad
1470 1447 1772 1521 denarios
1811 1451 2146 1520 obolarum
2177 1449 2287 1540 qui
2338 1451 2405 1520 in
2445 1453 2889 1522 Pentechoste
2929 1451 3056 1521 sol-

805 1573 1041 1632 vuntur
1073 1574 1138 1634 et
1191 1561 1257 1631 in
1299 1563 1498 1634 calice
1541 1565 1822 1635 ecclesie
1877 1562 2259 1654 assignabit.
2319 1566 2434 1635 Sin
2488 1577 2736 1650 autem,
2783 1555 3058 1636 ecclesia

806 1673 1022 1747 omnia
1053 1674 1338 1767 predicta
1366 1676 1650 1764 babebit,
1685 1700 1915 1749 omnes
1948 1676 2371 1750 obventiones
2409 1701 2537 1770 que
2576 1701 2653 1751 ex
2694 1678 2792 1751 eis
2832 1700 3055 1770 prove·

806 1789 986 1861 nient
1016 1791 1112 1862 eis
1150 1790 1261 1883 qui
1298 1792 1737 1863 anniversario
1770 1805 1991 1864 nostro
2020 1790 2407 1878 intererunt,
2440 1791 2610 1865 sicut
2651 1805 3048 1885 pretaxatam

807 1917 930 1991 est,
986 1891 1427 1977 d‘istributura.
1480 1910 1557 1978 Ut
1606 1919 1819 1978 autem
1868 1909 1993 1978 boc
2049 1904 2515 1979 inconcussum
2560 1920 2932 1999 permaneat
2996 1919 3059 1978 et

806 2032 1180 2112 perpetuam
1240 2021 1526 2091 obtineat
1590 2019 2033 2130 stabilitatem,
2098 2035 2466 2113 presentem
2520 2019 2814 2114 paginam
2867 2017 3054 2112 sigilli

805 2132 1008 2204 nostri
1065 2131 1335 2205 fecimus
1401 2133 1757 2206 munimine
1843 2134 2151 2208 roborari.
2210 2140 2435 2208 Actum
2504 2158 2675 2208 anno
2740 2134 3055 2209 incarnati

810 2245 997 2318 Verbi
1025 2248 1346 2319 MCXCVI.

1808 2589 2047 2651 vattt

1770 2869 1922 2931 suin
1951 2868 2107 2931 1197

806 3100 1344 3173 Philippo-Auguste
1383 3106 1618 3157 consent
1658 3117 1772 3173 que
1820 3103 1874 3159 la
1922 3109 2069 3159 terre
2120 3109 2176 3160 et
2216 3104 2270 3160 la
2316 3106 2532 3162 maison
2575 3106 2645 3163 de
2693 3108 2749 3162 la
2794 3107 3054 3163 Gervaise

1064 3196 1279 3254 fassent
1304 3202 1498 3252 retour
1524 3213 1597 3253 au
1624 3197 1898 3270 chapitre,
1925 3199 1957 3254 a
1978 3199 2035 3255 la
2064 3205 2210 3255 mort
2239 3199 2307 3255 de
2335 3201 2586 3273 l’eveque
2613 3202 2810 3260 Henri.

1433 3369 1611 3440 (Orig.
1642 3368 1813 3425 Arch.
1848 3369 1925 3426 du
1949 3370 2159 3426 Loiret.
2186 3370 2254 3426 G.
2280 3371 2431 3443 32¹).

816 3646 824 3655 ν·
901 3607 1253 3702 Philippus,
1289 3608 1406 3680 Dei
1464 3608 1663 3701 gratia
1722 3614 2112 3682 Francorum
2175 3633 2311 3697 rex,
2375 3611 2692 3685 universis
2750 3616 2829 3685 ad
2897 3636 3053 3706 quos

811 3735 1144 3816 presentes
1185 3724 1393 3795 littere
1432 3722 1845 3816 pervenerint
1870 3727 2167 3796 salutem.
2210 3724 2525 3798 Noveritis
2565 3725 2713 3818 qnia
2764 3730 3053 3799 volumus

810 3840 984 3930 qnod
1009 3850 1187 3908 ‘terra
1219 3839 1299 3909 de
1326 3839 1622 3910 Gervasia
1648 3852 1712 3911 et
1756 3841 1987 3910 domus
2017 3841 2307 3930 ejusdem
2350 3839 2499 3924 loci,
2540 3854 2689 3932 post
2717 3844 3052 3916 decessum

810 3950 1131 4022 karissimi
1157 3951 1617 4043 consanguinei
1637 3953 1837 4024 nostri
1861 3955 2151 4040 Henrici,
2171 3959 2553 4032 venerabilis
2578 3960 3051 4033 Aurelianensis

809 4064 1122 4157 episcopi,
1165 4067 1244 4136 ad
1275 4067 1622 4157 capitulum
1664 4071 1898 4141 Sancte
1927 4072 2153 4142 Crucis
2192 4077 2482 4161 redeant,
2540 4073 2710 4146 sicut
2734 4074 2802 4146 in
2828 4071 3051 4147 litteris

809 4182 1188 4252 eorumdem
1221 4178 1506 4271 episcopi
1541 4193 1607 4251 et
1667 4183 1934 4273 capituli
1974 4187 2373 4273 continetur,
2415 4210 2566 4259 cum
2625 4190 2840 4281 ipsum
2882 4187 3050 4280 capi-

811 4297 1013 4366 tulum
1053 4292 1262 4366 eidem
1314 4296 1624 4388 episcopo
1690 4299 1811 4369 hec
1864 4302 1942 4369 ad
1985 4297 2172 4370 vitam
2226 4324 2409 4373 suam
2469 4316 2718 4374 tantum
2758 4304 3047 4375 habenda

811 4406 1234 4490 concesserit,
1276 4410 1450 4480 sicut
1511 4431 1587 4480 ex
1626 4412 1986 4497 assertione
2037 4416 2328 4505 ejusdem
2366 4414 2654 4508 episcopi
2685 4415 3044 4489 didicimus.

811 4526 1037 4593 Actum
1059 4519 1369 4610 parisius,
1404 4545 1573 4594 anno
1619 4525 1873 4596 Domini
1917 4530 2020 4598 MC
2053 4529 2806 4622 nonagesimoseptimo,
2831 4550 3045 4604 mense

806 4658 1014 4727 Jumo.
