3485 5571
1395 632 1636 695 -359
1688 668 1759 679 —

447 765 557 835 tita
594 763 981 857 promittens
1020 763 1191 853 quod
1239 773 1462 833 contra
1504 761 1742 831 dictam
1803 758 2243 833 venditionem
2296 786 2407 855 per
2464 786 2534 836 se
2588 788 2703 837 seu

447 901 560 970 per
595 878 788 949 alium
828 899 1233 969 quacumque
1272 899 1347 947 ex
1390 897 1582 947 causa
1617 876 1837 946 venire
1878 876 2304 968 imposterum
2341 882 2704 953 nullatenus

446 992 873 1084 attemptabit‚
913 991 1111 1062 immo
1149 992 1394 1061 dictum
1446 1002 1786 1080 arpentum
1841 989 2025 1062 vinee
2089 991 2280 1063 dictis
2342 996 2588 1064 decano
2640 989 2711 1065 et

447 1106 726 1198 capitulo
764 1119 829 1177 et
860 1105 984 1176 illis
1020 1106 1131 1195 qui
1162 1106 1243 1175 ab
1271 1102 1432 1195 ipsis
1462 1125 1726 1175 causam
1761 1106 2089 1175 habebunt
2132 1105 2511 1196 possidendi
2545 1110 2704 1198 legi-

447 1220 600 1293 time
625 1221 939 1312 garentiet
961 1232 1183 1292 contra
1209 1240 1461 1290 omneS.
1490 1222 1663 1289 Hanc
1687 1231 1903 1290 autem
1928 1218 2366 1292 venditionem
2385 1225 2702 1309 Johanna,

448 1349 647 1406 mater
679 1334 832 1405 dicti
866 1337 1020 1417 Ade,
1061 1337 1286 1404 Petrus
1326 1331 1593 1415 Guitart,
1630 1332 1890 1404 Acelina
1929 1335 2074 1423 ejus
2106 1356 2289 1417 uxor,
2334 1339 2700 1426 Stephanus

448 1448 690 1519 Guitart
726 1462 791 1519 et
828 1449 1014 1520 lllaria
1042 1450 1184 1537 ejus
1224 1468 1381 1517 uxor
1419 1448 1709 1517 volentes
1765 1460 1828 1517 et
1886 1446 2234 1518 liberaliter
2266 1452 2698 1539 approbantes

445 1586 557 1655 per
591 1566 783 1634 fidem
823 1585 1007 1634 suam
1035 1563 1099 1631 in
1135 1582 1325 1631 manu
1359 1572 1582 1630 nostra
1607 1562 1976 1651 prestitam,
2010 1564 2280 1632 Isabella
2306 1576 2369 1633 et
2395 1565 2703 1633 Radulsus

444 1690 508 1748 et
563 1680 769 1768 Hugo,
826 1675 1006 1748 liberi
1059 1673 1268 1767 ipsius
1316 1677 1635 1758 somnne,
1677 1678 1904 1745 fratres
1946 1673 2094 1745 dicti
2140 1680 2294 1757 Ade,
2339 1699 2453 1767 per
2492 1699 2704 1749 sacra-

446 1802 733 1861 mentum
774 1788 1112 1880 prestitum
1152 1790 1231 1859 ab
1271 1786 1432 1878 ipsis
1461 1809 1679 1858 coram
1720 1788 1908 1859 nobis
1947 1788 2383 1879 promiserunt
2421 1792 2592 1881 quod
2630 1790 2697 1861 in

445 1905 616 1976 dicto
673 1917 942 1996 arpento
992 1904 1177 1975 vinee
1234 1925 1348 1993 per
1401 1924 1473 1973 se
1530 1923 1645 1972 seu
1710 1923 1822 1993 per
1871 1903 2031 1974 alios
2088 1902 2283 1974 nichil
2348 1906 2427 1976 de
2484 1917 2702 1976 cetero

442 2021 908 2102 reclamabunt,
957 2038 1078 2089 nec
1127 2015 1362 2088 tacient
1397 2015 1757 2087 reclamari.
1826 2021 1989 2102 Quia
2047 2039 2197 2088 vero
2238 2018 2449 2089 dictus
2489 2022 2694 2109 Hugo,

441 2135 636 2204 frater
687 2131 856 2204 dicte
905 2132 1058 2210 Ade,
1103 2143 1238 2202 erat
1276 2132 1485 2200 adhuc
1534 2128 1599 2198 in
1664 2128 1896 2201 minori
1948 2144 2117 2202 etate
2171 2132 2591 2215 constitutus,
2631 2147 2698 2203 ut

438 2246 794 2329 dicebatur,
845 2244 1108 2337 predicti
1160 2246 1356 2314 Adam
1409 2242 1712 2327 clericu8‚
1750 2247 1939 2316 trater
1975 2248 2140 2337 ejus,
2203 2260 2267 2317 et
2328 2250 2696 2338 Stephanus

440 2358 707 2443 Guitart‚
768 2356 1081 2441 sororius,
1170 2358 1382 2429 eidem
1463 2361 1716 2448 Hugoni
1797 2372 2309 2449 manuceperunt
2372 2382 2487 2450 pro
2551 2358 2695 2450 ipso

439 2477 733 2566 Hugone,
765 2475 1016 2543 minore
1046 2484 1115 2543 ut
1142 2471 1383 2543 dictum
1416 2485 1539 2556 est,
1573 2473 1745 2563 quod
1778 2471 1946 2543 idem
1970 2486 2191 2544 contra
2215 2473 2449 2544 dictam
2477 2472 2697 2545 vendi-

435 2588 682 2659 tionem
714 2610 841 2657 non
882 2585 1093 2657 veniet
1145 2585 1209 2655 in
1269 2589 1578 2667 futurum,
1620 2599 1684 2657 et
1719 2588 1893 2677 quod
1933 2585 2149 2657 dictus
2186 2591 2389 2678 Hugo‚
2433 2590 2689 2679 quando

434 2701 517 2769 ad
592 2711 828 2771 etatem
921 2696 1270 2788 legitimam
1337 2695 1688 2784 devenerit,
1780 2698 1918 2790 ipse
2005 2702 2390 2771 concederet
2471 2699 2692 2769 vendi-

435 2812 682 2885 tionem
714 2811 1090 2904 predictam.
1118 2815 1193 2883 Et
1219 2815 1299 2882 de
1328 2813 1452 2883 hoc
1482 2811 1775 2883 faciendo
1802 2812 1952 2885 dicti
1981 2816 2176 2884 Adam
2209 2829 2274 2885 et
2299 2818 2686 2906 StephanuS,

435 2926 723 2999 sororius
762 2930 930 3018 ejuS,
971 2925 1189 2998 omnia
1226 2930 1392 2999 bona
1451 2951 1566 2998 sua
1606 2941 1731 2998 tam
1775 2927 2031 3000 mobilia
2079 2951 2269 3019 quam
2334 2927 2686 2999 immobilia

435 3042 743 3135 predictis
766 3044 1010 3113 decano
1032 3057 1095 3115 et
1121 3042 1401 3134 capitulo
1428 3065 1645 3114 coram
1673 3045 1864 3114 nobis
1904 3044 1966 3113 in
1995 3043 2502 3135 contraplegium
2529 3051 2692 3117 assi-

433 3171 735 3248 gnarunt.
809 3162 1036 3228 Actum
1103 3159 1182 3227 ad
1248 3156 1730 3247 requisitionem
1809 3156 2107 3248 partium,
2186 3179 2355 3228 anno
2430 3158 2686 3229 Domini

434 3273 693 3342 MCCXL
732 3269 943 3358 tertio,
991 3293 1214 3343 mense
1245 3269 1458 3363 aprili.

1436 3587 1685 3649 CCLXV

1389 3862 1541 3924 suin
1570 3861 1729 3926 1243

434 4085 616 4141 Vente
644 4103 714 4141 au
740 4087 990 4159 chapitre
1017 4103 1090 4144 au
1118 4089 1241 4160 prix
1278 4089 1349 4145 de
1376 4089 1484 4145 100
1510 4090 1678 4145 livres
1725 4090 1926 4163 parisis
1972 4092 2041 4148 de
2088 4100 2286 4165 quatre
2331 4097 2559 4166 arpents
2606 4093 2676 4149 de

828 4183 988 4254 vigne
1011 4185 1042 4239 a
1063 4204 1093 4238 ‹
1124 4184 1232 4241 Orz
1257 4204 1282 4238 n
1312 4201 1413 4257 par
1442 4187 1715 4260 Manasse,
1747 4187 1928 4259 doyen
1970 4187 2287 4246 d’Orleans.

881 4329 1058 4401 (Orig.
1099 4347 1144 4385 s.
1185 4332 1378 4403 parch.
1419 4333 1590 4388 Arch.
1632 4333 1709 4389 du
1736 4334 1948 4403 Loiret‚
1976 4336 2042 4391 G.
2081 4334 2235 4408 277.)

529 4522 845 4592 Omnibus
879 4535 1210 4612 presentes
1247 4523 1491 4595 litteras
1517 4522 1905 4616 inspecturis
1936 4525 2226 4598 officialis
2267 4530 2674 4599 Aurelianen-

439 4631 532 4704 sis
565 4637 837 4707 salutem
879 4635 944 4705 in
985 4638 1287 4709 Domino.
1317 4637 1619 4709 Noverint
1657 4639 1935 4711 universi
1971 4642 2142 4730 quod
2171 4641 2235 4710 in
2265 4655 2483 4712 nostra
2525 4664 2669 4734 pre-
