3485 5571
1407 596 1765 662 „363-

1444 1001 1729 1065 CCLXIX

1296 1328 1659 1391 Novembre
1718 1326 1869 1390 1243

776 1586 957 1639 Vente
984 1600 1058 1639 au
1078 1582 1329 1654 chapitre
1358 1581 1492 1638 d’un
1520 1586 1719 1653 arpent
1741 1580 1812 1636 de
1840 1581 2001 1652 vigne
2037 1597 2145 1637 aux
2174 1582 2406 1638 Teretes

1273 1693 1417 1750 pour
1442 1676 1515 1734 16
1543 1677 1709 1732 livres
1738 1677 1955 1750 parisis.

909 1823 1087 1895 (Orig.
1116 1839 1215 1879 sur
1242 1823 1434 1895 parch.
1464 1822 1638 1880 Arch.
1664 1822 1742 1878 du
1773 1821 1980 1889 Loiret,
2009 1822 2078 1879 G.
2098 1821 2254 1895 377).

546 2064 864 2139 Omnibus
887 2079 1222 2158 presentes
1241 2064 1486 2136 litteras
1507 2061 1896 2155 inspecturis
1920 2062 2210 2135 officialis
2233 2062 2710 2136 Aurelianensis

456 2183 729 2252 salutem
756 2178 819 2249 in
844 2181 1146 2252 Domino.
1174 2178 1475 2251 Noverint
1500 2178 1785 2249 universi
1812 2179 1984 2268 quod
2002 2176 2336 2250 constituti
2353 2200 2569 2250 coram
2596 2202 2709 2250 no-

457 2294 556 2366 bis
588 2292 972 2365 Guillermus
1003 2296 1061 2364 le
1110 2294 1433 2383 Marrigler
1469 2306 1535 2363 et
1586 2295 1954 2363 Boneventa
1992 2294 2133 2384 ejus
2172 2315 2330 2364 uxor
2381 2293 2703 2382 quoddam

455 2406 639 2480 vinee
677 2420 1010 2497 arpentum
1042 2408 1212 2498 quod
1252 2429 1323 2477 se
1381 2409 1617 2478 babere
1658 2408 1960 2478 dicebant
1999 2409 2168 2497 apud
2197 2410 2412 2478 locum
2460 2405 2568 2498 qui
2604 2405 2701 2477 di-

456 2520 622 2593 citur
650 2526 1019 2592 Terrestres
1051 2520 1095 2606 ¹,
1125 2519 1187 2590 in
1222 2519 1477 2592 censiva
1509 2518 1738 2611 prioris
1777 2523 1858 2591 de
1882 2521 2137 2591 Semeio
2167 2519 2391 2603 situm,
2424 2535 2489 2592 et
2521 2523 2696 2612 quod

453 2657 489 2706 a
519 2639 708 2706 Petro
747 2633 964 2705 Billart
1011 2648 1076 2705 et
1115 2633 1513 2725 Ermenjardi
1554 2636 1694 2726 ejus
1729 2656 1950 2705 sorore
1989 2633 2054 2704 in
2088 2636 2417 2706 escambio
2465 2636 2705 2706 habue-

453 2764 620 2836 rant,
657 2761 724 2821 ut
749 2747 1076 2833 dicebant,
1113 2747 1536 2820 vendiderunt
1594 2748 1852 2840 penitus
1886 2755 1953 2820 et
1997 2746 2061 2819 in
2094 2761 2472 2841 perpetuum
2502 2747 2708 2840 quita·

450 2879 681 2937 verunt
729 2863 876 2934 viris
913 2863 1386 2935 venerabilibus
1428 2877 1491 2934 et
1531 2862 1835 2934 discretis
1875 2866 2120 2935 decano
2161 2878 2225 2934 et
2264 2864 2545 2956 capitulo
2586 2868 2707 2934 Au-

453 2978 925 3051 relianensibus
988 3001 1102 3069 pro
1163 2979 1488 3049 sexdecim
1557 2976 1740 3048 libris
1797 2975 2275 3069 parisiensium,
2343 2981 2422 3050 de
2461 2978 2697 3069 quibus

454 3091 606 3164 dicti
661 3093 1038 3163 Guillelmus
1075 3107 1142 3164 et
1178 3094 1321 3183 ejus
1361 3114 1517 3163 uxor
1548 3114 1618 3163 se
1661 3105 2010 3162 tenuerunt
2048 3114 2265 3162 coram
2319 3091 2506 3163 nobis
2536 3095 2704 3165 inte·

453 3229 564 3298 gre
615 3229 728 3298 pro
793 3205 1062 3297 pagatis‚
1119 3208 1245 3277 fide
1300 3207 1444 3277 data
1507 3203 1981 3297 promittenteS‚
2050 3216 2225 3279 ecc...
2275 3209 2343 3277 In
2387 3209 2569 3298 cujus
2614 3207 2707 3279 rei

456 3319 831 3391 memoriam
890 3334 951 3390 et
992 3318 1435 3391 testimonium
1479 3332 1814 3411 presentes
1866 3319 2110 3392 litteras
2168 3319 2377 3411 sigillo
2426 3320 2707 3393 Aurelia·

456 3435 680 3506 nensis
744 3433 919 3506 curie
973 3433 1245 3505 fecimus
1285 3433 1573 3526 sigillari.
1635 3439 1869 3505 Datum
1926 3456 2099 3506 anno
2145 3433 2403 3505 Domini
2446 3436 2699 3507 MCCXL

455 3549 685 3633 tercio,
713 3570 937 3620 mense
977 3547 1333 3619 novembri.

529 4624 550 4660 ¹
588 4624 697 4679 Les
723 4624 974 4693 Teretes,
1005 4624 1247 4682 hameau
1277 4624 1348 4681 de
1378 4626 1604 4700 Semoy.
