3485 5571
1289 691 1644 759 -431—

328 850 564 898 versus
592 829 807 898 locum
835 823 941 917 qui
966 823 1197 896 dicitur
1222 828 1461 898 Moules
1487 824 1855 917 contiguam
1889 848 2116 919 campo
2146 825 2474 899 Vincencii
2506 829 2586 898 de

330 944 588 1028 Unello,
617 963 691 1012 ex
726 963 849 1010 una
872 954 1075 1032 parte,
1099 952 1165 1012 et
1188 962 1416 1031 campo
1442 942 1752 1011 lobannis
1789 943 2017 1025 Barbe‚
2044 963 2119 1012 ex
2143 944 2368 1028 altera,
2397 941 2586 1013 sitam

327 1052 395 1123 in
423 1053 771 1126 decimaria
802 1068 868 1126 et
897 1056 1291 1146 campiparte
1326 1053 1480 1125 dicti
1514 1052 1802 1147 capituli,
1843 1056 2104 1127 alteram
2144 1078 2294 1127 vero
2340 1055 2587 1147 peciam

328 1181 508 1239 terre
548 1190 741 1260 super
778 1168 1147 1239 cheminum
1187 1168 1292 1259 qui
1334 1165 1511 1239 ducit
1562 1170 1641 1239 de
1693 1168 2050 1240 Aurelianis
2091 1173 2349 1241 Carnoti
2403 1183 2468 1241 et
2509 1171 2588 1241 ad

324 1281 750 1367 Limolinum,
791 1279 1159 1373 contiguam
1191 1304 1421 1374 campo
1470 1281 1820 1353 liberorum
1849 1282 2155 1354 deffuncti
2202 1282 2459 1355 Roberti
2509 1287 2588 1354 de

325 1402 563 1472 Unello
604 1398 669 1471 in
709 1399 1051 1472 decimaria
1101 1414 1166 1472 et
1199 1398 1589 1492 campiparte
1636 1399 1789 1471 dicti
1820 1400 2078 1492 capituli
2117 1402 2329 1480 sitam,
2374 1401 2591 1473 domi-

323 1513 547 1599 nium,
606 1518 738 1606 jus,
801 1514 1282 1608 possessionem
1347 1528 1413 1585 et
1458 1514 1911 1606 proprietatem
1952 1515 2238 1587 omnium
2279 1531 2589 1589 terrarum

324 1627 793 1718 predictarum,
815 1631 895 1699 ab
925 1629 1174 1700 eisdem
1201 1629 1426 1699 Odone
1448 1641 1512 1699 et
1537 1626 1820 1698 Amelina
1849 1627 2021 1698 dicto
2045 1627 2324 1719 capitulo
2349 1625 2414 1697 in
2447 1650 2592 1719 per—

323 1742 783 1829 mutationem,
806 1758 872 1815 ut
901 1746 1146 1815 dictum
1172 1756 1299 1828 est,
1324 1765 1812 1826 concessarum,
1836 1742 1900 1812 in
1926 1743 2286 1814 bursarium
2313 1743 2590 1815 ecclesie

324 1858 812 1929 Aurelianensis
851 1858 988 1930 vice
1012 1872 1076 1930 et
1098 1861 1366 1929 nomine
1386 1856 1537 1929 dicti
1566 1856 1826 1949 capituli
1849 1856 2127 1928 totaliter
2147 1859 2591 1929 transferendo

323 1988 389 2044 et
408 1973 617 2045 nichil
635 1973 793 2055 iuris
816 1973 1075 2065 penitus
1095 1972 1435 2045 retinendo
1456 1996 1476 2060 ;
1507 1973 1955 2064 promittentes
1982 1970 2135 2043 dicti
2164 1974 2306 2044 Odo
2328 1986 2392 2044 et
2412 1978 2593 2044 Ame-

321 2089 458 2159 lina
504 2111 620 2180 per
678 2090 871 2159 fidem
915 2111 1097 2159 suam
1143 2110 1339 2179 super
1385 2091 1509 2159 hoc
1559 2089 1894 2178 prestitam
1971 2089 2367 2178 corporalem
2420 2090 2589 2179 quod

324 2218 558 2276 contra
590 2203 912 2298 predictas
947 2202 1522 2296 permutacionem,
1553 2202 1914 2286 dacionem,
1959 2201 2449 2275 concessionem
2477 2227 2591 2275 seu

328 2332 563 2391 contra
614 2317 897 2409 predicta
948 2320 1045 2388 vel
1086 2316 1323 2407 aliquid
1364 2319 1445 2388 de
1497 2316 1805 2408 predictis
1850 2320 1992 2407 jure
2034 2316 2445 2401 hereditario,
2494 2342 2592 2389 ra-

325 2432 525 2505 cione
558 2431 729 2503 dotis
765 2433 866 2502 vel
908 2429 1186 2501 dotalicii
1229 2432 1512 2514 nomine,
1556 2453 1671 2502 seu
1712 2432 1995 2522 qualibet
2021 2433 2142 2503 alia
2168 2434 2432 2504 racione
2459 2431 2592 2504 sive

329 2571 534 2619 causa
573 2569 689 2638 per
722 2567 793 2617 se
833 2547 930 2616 vel
963 2567 1076 2637 per
1113 2543 1308 2615 alium
1350 2568 1462 2615 seu
1499 2547 1665 2615 alios
1698 2568 1830 2616 non
1872 2544 2131 2617 venient
2176 2545 2241 2616 in
2307 2550 2589 2618 futurum

322 2684 449 2733 nec
494 2662 712 2731 venire
749 2659 1157 2748 aliquatenus
1215 2661 1712 2750 attemptabant,
1769 2658 1967 2730 immo
2007 2659 2441 2751 promiserunt
2481 2684 2593 2751 per

323 2777 575 2847 dictam
609 2776 797 2845 fidem
840 2773 1017 2864 quod
1057 2796 1284 2843 omnes
1321 2796 1422 2843 res
1462 2785 1526 2843 et
1557 2771 1845 2864 singulas
1878 2775 2194 2865 predictas
2230 2773 2293 2844 in
2333 2796 2592 2865 permu-

325 2888 682 2971 tacionem,
725 2900 794 2957 ut
828 2884 1069 2957 dictum
1110 2898 1237 2968 est,
1272 2888 1457 2956 datas
1490 2885 1662 2957 dicto
1701 2885 1982 2977 capitulo
2033 2885 2428 2971 liberabunt,
2485 2911 2593 2978 ga-

323 3001 616 3074 rentient
670 3014 732 3071 et
778 3000 1151 3070 deffendent
1190 3014 1499 3090 perpetuo
1557 3015 1781 3071 contra
1842 3024 2094 3087 omnes,
2157 3017 2220 3073 et
2281 3016 2591 3093 quantum

324 3120 403 3188 ad
430 3114 656 3186 omnia
681 3126 745 3185 et
784 3115 1033 3204 singula
1099 3113 1466 3202 supradicta
1514 3117 1791 3185 tenenda
1851 3130 1914 3186 et
1973 3117 2377 3207 adimplenda
2438 3116 2589 3188 dicti

327 3234 474 3304 Odo
500 3244 563 3301 et
604 3228 888 3300 Amelina
929 3248 998 3298 se
1033 3239 1097 3298 et
1136 3248 1365 3297 omnes
1405 3228 1677 3298 heredes
1733 3251 1810 3298 ac
1854 3251 2270 3299 successores
2315 3253 2468 3300 suos
2528 3243 2591 3300 et

327 3343 550 3417 omnia
583 3346 747 3414 bona
796 3365 912 3413 sua
973 3339 1233 3412 mobilia
1292 3353 1355 3412 et
1422 3342 1800 3426 immobilia,
1865 3343 2197 3432 presencia
2260 3356 2323 3414 et
2384 3346 2590 3413 sutura

329 3461 728 3549 ubicumque
767 3455 1114 3528 existencia
1167 3453 1339 3524 dicto
1382 3453 1662 3545 capitulo
1721 3476 1835 3546 per
1864 3457 2058 3526 fidem
2102 3479 2283 3526 suam
2345 3453 2592 3546 obliga·

328 3588 510 3658 runt,
570 3586 1009 3664 supponentes
1069 3592 1140 3641 se
1192 3583 1253 3640 et
1317 3593 1432 3639 sua
1488 3575 1697 3660 quoad
1750 3573 1873 3640 hoc
1932 3567 2364 3660 jurisdictioni
2413 3571 2590 3640 curie

331 3686 815 3759 Aurelianensis
874 3684 1261 3774 ubicumque
1298 3706 1369 3755 se
1408 3683 1702 3754 duxerint
1742 3687 2247 3755 transferendos.
2291 3687 2361 3753 In
2403 3686 2587 3773 cujus

332 3804 425 3873 rei
466 3801 850 3872 memoriam
913 3813 977 3869 et
1043 3797 1483 3869 testimonium
1559 3797 1970 3889 presentibus
2015 3796 2242 3868 litteris
2308 3797 2588 3889 sigillum

331 3915 814 3986 Aurelianensis
854 3911 1028 3983 curie
1064 3911 1359 3981 duximus
1429 3913 1908 4002 apponendum.
1959 3916 2193 3983 Datum
2242 3935 2412 3983 anno
2470 3917 2592 3982 Do-

334 4029 491 4100 mini
558 4027 899 4099 millesimo
965 4024 1407 4097 ducentesimo
1481 4026 1983 4116 septuagesimo,
2050 4026 2151 4098 die
2210 4026 2377 4118 jovis
2444 4041 2593 4117 post

333 4147 576 4218 festum
607 4143 910 4216 Omnium
952 4147 1356 4214 Sanctorum.

2071 4257 2297 4331 Godin.
