3485 5571
1435 585 1746 651 ..73-

464 734 653 801 quam
717 734 945 783 omnes
1012 712 1154 784 vitae
1217 726 1452 785 nostrae
1508 729 1695 785 actus
1747 717 2020 786 evehere
2066 727 2257 804 atque
2309 709 2708 803 augmentari

460 830 844 918 gaudemus.
925 828 1323 919 Quapropter
1394 828 1629 920 placuit
1706 828 2071 899 celsitudini
2144 841 2382 897 nostrae
2455 827 2706 896 cuidam

458 957 702 1013 sanctae
757 945 938 1013 matri
1001 946 1297 1015 ecclesiae
1361 944 1867 1023 Aurelianorum,
1951 967 2093 1033 quae
2169 957 2270 1013 est
2332 945 2395 1012 in
2468 944 2711 1013 honore

456 1070 698 1128 sanctae
734 1080 809 1128 ac
851 1056 1109 1128 vivificae
1165 1057 1412 1140 Crucis,
1467 1059 1568 1129 cui
1621 1056 1845 1139 etiam,
1910 1072 2170 1129 auctore
2230 1059 2365 1127 Deo
2430 1077 2709 1146 praeesse

456 1169 816 1241 dinoscitur
877 1171 1232 1242 Gualterius
1281 1171 1664 1242 venerabilis
1733 1174 1995 1263 praesul,
2052 1174 2127 1240 ad
2193 1168 2394 1262 ipsius
2453 1192 2707 1260 quoque

456 1284 947 1375 deprecationes
974 1296 1018 1372 ¹,
1083 1288 1484 1357 restituendo
1544 1289 1813 1358 reddere
1870 1294 1938 1356 et
2001 1286 2329 1355 reddendo
2369 1282 2709 1356 restituere

455 1402 777 1489 quandam
811 1401 1018 1469 villam
1049 1401 1112 1469 in
1156 1398 1430 1489 integro,
1471 1398 1731 1470 nomine
1763 1398 2107 1470 Caltesium
2134 1399 2181 1484 2,
2230 1398 2414 1468 sitam
2449 1397 2509 1467 in
2547 1420 2710 1489 pago

454 1512 766 1596 Biturico,
808 1514 940 1583 sive
987 1515 1178 1584 etiam
1233 1513 1594 1583 Pauliacum
1640 1513 1701 1582 in
1741 1516 1970 1584 eodem
2026 1535 2186 1603 pago
2236 1510 2706 1592 continentem,

453 1627 591 1698 sive
651 1642 717 1697 et
777 1626 1276 1709 Geminiacum,
1347 1650 1596 1698 necnon
1665 1627 1856 1699 etiam
1928 1630 2189 1697 alteram
2253 1625 2488 1708 villam,
2568 1649 2711 1716 quae

454 1755 720 1812 vocatur
758 1742 1133 1823 Marsiacus,
1165 1744 1227 1811 in
1264 1765 1425 1833 pago
1455 1740 1856 1823 Nivernensi‚
1887 1742 1965 1811 ad
1997 1743 2271 1811 eundem
2315 1738 2660 1810 Caltesium
2685 1742 2710 1787 ³

453 1854 914 1947 pertinentem,
972 1878 1116 1927 cum
1168 1855 1471 1926 omnibus
1509 1857 1587 1926 ad
1637 1878 1708 1927 se
1748 1854 2216 1946 pertinentibus
2256 1856 2350 1925 vel
2389 1853 2710 1945 aspicien-

451 1970 629 2039 tibus
661 1973 850 2060 longe
882 1973 977 2040 vel
1020 1992 1216 2060 prope
1256 1968 1507 2061 positis,
1545 1983 1610 2041 et
1639 1969 1876 2039 familia
1925 1969 2256 2059 utriusque
2295 1990 2506 2040 sexus,
2548 1973 2707 2054 Quae

448 2085 618 2154 villae
667 2083 821 2154 olim
878 2084 1199 2154 distractae
1254 2106 1403 2154 esse
1451 2097 1804 2154 noscuntur
1849 2087 1928 2153 ab
1985 2086 2207 2153 eadem
2268 2080 2540 2153 ecclesia
2596 2105 2706 2173 per

450 2196 765 2268 incuriam
813 2212 876 2268 et
928 2197 1309 2268 malinorum
1336 2198 1363 2243 ⁴
1404 2196 1735 2267 hominum
1779 2196 2170 2267 violentiam.
2218 2197 2316 2267 Ob
2356 2194 2705 2267 restitutio-

450 2334 603 2382 nem
665 2327 908 2394 tamen,
966 2311 1112 2399 quia
1171 2314 1307 2382 Deo
1366 2310 1723 2403 inspirante
1777 2309 2015 2381 nostris
2072 2324 2252 2381 erant
2305 2309 2703 2400 temporibus

452 2424 996 2515 redintegrandae,
1063 2446 1373 2496 nonarum
1428 2425 1950 2514 decimarumque
2023 2423 2392 2494 vestituram
2454 2427 2699 2515 absque

450 2541 649 2609 ullius
702 2537 1095 2610 detractione
1164 2551 1274 2610 aut
1352 2537 1797 2630 inquietudine
1876 2541 2132 2629 prael'ata
2208 2556 2428 2608 sancta
2497 2553 2704 2610 mater

447 2652 732 2724 ecclesia
773 2675 1029 2744 semper
1068 2651 1377 2723 obtineat.
1432 2653 1607 2724 Unde
1646 2655 1770 2723 hoe
1818 2650 2220 2723 celsitudinis
2264 2666 2501 2722 nostrae
2540 2674 2700 2742 prae-

447 2780 713 2860 ceptum
753 2767 913 2850 fieri,
946 2782 1136 2858 atque
1165 2769 1247 2838 ob
1269 2771 1778 2838 emolumentum
1819 2764 2136 2838 mercedis
2163 2764 2392 2836 animae
2434 2778 2697 2850 nostrae,

447 2884 583 2954 ad⁵
650 2895 1033 2953 aeternorum
1108 2882 1687 2953 remunerationem
1750 2881 2182 2972 praemiorum,
2244 2903 2360 2971 pro
2414 2880 2700 2952 remedio

446 3019 710 3088 quoque
750 2996 967 3067 domni
1009 3011 1072 3067 et
1121 2996 1430 3088 genitoris
1469 2997 1670 3067 nostri
1722 2995 2070 3067 Ludovici⁶
2108 3008 2174 3067 et
2212 3009 2451 3065 sanctae
2488 3017 2701 3065 recor-

447 3109 731 3181 dationis
788 3110 883 3180 avi
952 3111 1151 3181 nostri
1217 3110 1429 3181 Karoli
1496 3110 1922 3202 imperatoris,
1974 3111 2287 3200 ⁴iamdicto
2356 3108 2698 3179 venerabili

445 3223 759 3316 episcopo
789 3238 978 3315 atque
1018 3228 1294 3316 praelatae
1327 3239 1569 3296 sanctae
1604 3226 1786 3295 matri
1819 3223 2113 3294 ecclesiae
2138 3222 2318 3294 reddi
2340 3221 2698 3314 jussimus;

448 3360 564 3428 per
621 3340 792 3427 quod
854 3354 1237 3409 memoratas
1287 3337 1492 3421 villas,
1534 3361 1678 3409 cum
1716 3337 2019 3409 omnibus
2059 3336 2179 3406 sibi
2232 3335 2699 3428 pertinentibus

447 3454 670 3532 rebus,
748 3451 1154 3542 integerrime
1222 3464 1590 3544 praenotatae
1649 3466 1890 3522 sanctae
1949 3449 2128 3521 matri
2196 3449 2489 3521 ecclesiae
2548 3472 2699 3542 per-

447 3564 792 3635 henniter⁷
851 3564 1309 3656 mancipandas
1384 3567 1739 3656 delegando
1805 3563 2158 3645 reddimus,
2224 3586 2299 3635 ac
2370 3566 2698 3635 reddendo

447 3680 869 3769 delegamus;
926 3701 1005 3750 eo
1065 3677 1358 3751 videlicet
1412 3682 1603 3750 modo
1670 3693 1736 3748 ut
1797 3678 1964 3750 idem
2022 3676 2402 3749 venerabilis
2464 3680 2695 3769 praesul
2794 3747 2804 3758 ,

516 4052 533 4087 ¹
577 4050 727 4107 Hiat.
758 4051 858 4106 des
888 4051 1096 4109 Gaules
1122 4051 1590 4124 deprecationem.

515 4139 539 4173 ²
577 4140 666 4195 ld.
699 4141 1016 4196 Caltesiam.

518 4228 541 4262 ⁸
576 4228 673 4283 Id.
705 4231 942 4285 eandem
974 4230 1294 4286 Caltesiam.

515 4317 539 4352 ⁴
573 4317 665 4375 Id.
690 4318 1099 4375 malivolorum.

517 4407 541 4440 ⁸
579 4407 668 4465 Id.
695 4414 770 4463 et.

518 4497 543 4531 ⁸
580 4497 673 4552 Id.
705 4498 988 4554 Ludovici.

520 4583 541 4617 ⁷
574 4584 667 4641 Id.
699 4587 1041 4657 perenniter.
