3485 5571
1447 674 1764 738 ..33-

482 806 602 872 lam
635 802 874 885 Emeri,
913 825 1059 873 cum
1107 803 1302 873 rebus
1339 808 1420 872 ad
1448 803 1709 871 easdem
1774 801 1955 872 villas
1984 798 2480 892 pertinentibus.
2511 806 2724 872 Bene-

480 917 694 988 ficium
760 917 952 989 etiam
1008 919 1330 1008 quoddam
1394 915 1693 987 Gausredi
1766 915 2054 999 comitis,
2114 920 2283 1008 quod
2343 918 2722 1008 jamdudum

479 1031 772 1103 ecclesiae
827 1036 1077 1102 Sanctae
1117 1030 1339 1102 Crucis
1369 1043 1434 1101 et
1473 1033 1733 1101 Arnull'o
1777 1028 2032 1121 praesuli
2101 1034 2328 1102 eodem
2387 1032 2725 1101 Gauffredo

481 1143 929 1217 consentiente
999 1164 1112 1237 per
1171 1143 1507 1235 scriptum,
1565 1143 1957 1234 ubicumque
2025 1147 2311 1216 locorum
2392 1143 2584 1214 situm
2613 1142 2724 1229 sit,

481 1261 653 1348 qnod
694 1280 807 1350 per
845 1278 1074 1329 manus
1131 1272 1386 1330 nostras
1424 1271 1692 1329 actenus
1761 1256 2092 1329 videbatur
2132 1260 2366 1329 babere
2438 1258 2504 1328 in
2535 1261 2730 1330 bene·

482 1372 725 1456 ficium,-
764 1394 938 1444 nunc
975 1386 1191 1444 autem
1231 1372 1427 1465 regali
1476 1352 1797 1464 praecepto
1831 1374 2199 1443 babendum
2272 1372 2595 1445 auctorizo
2661 1373 2727 1444 in

486 1501 889 1579 perpetuum.
925 1488 1184 1559 beodiae
1252 1508 1508 1578 quoque
1574 1485 1749 1557 sitvae
1815 1486 2242 1574 venationem,
2323 1486 2491 1558 sicut
2551 1500 2731 1560 ante-

484 1612 780 1673 cessores
811 1604 955 1692 ejus
980 1600 1096 1673 visi
1136 1615 1287 1673 sunt
1346 1599 1675 1685 babuisse,
1739 1600 1950 1672 eidem
1991 1614 2231 1672 sanctae
2296 1602 2480 1673 matri
2519 1604 2731 1674 eccle-

484 1711 596 1785 sias
630 1717 870 1787 babere
906 1717 1223 1799 concedo,
1282 1714 1549 1805 ejusque
1610 1714 1923 1786 venabula
1981 1736 2094 1806 per
2148 1735 2290 1787 eam
2347 1716 2489 1788 sine
2572 1715 2735 1786 uita-

486 1829 658 1900 tione
714 1851 971 1900 currere
1045 1827 1299 1899 cunctis
1374 1828 1604 1899 diebus
1662 1828 2010 1900 auctorizo.
2087 1829 2461 1901 Monasteria
2542 1828 2733 1921 igitur

484 1958 859 2026 memorata,
937 1957 1003 2015 et
1078 1945 1299 2030 cellas,
1343 1943 1677 2034 villasque,
1746 1966 1899 2015 cum
1959 1942 2166 2015 alodis
2228 1943 2624 2031 memoratis,
2667 1958 2734 2016 ct

485 2081 630 2130 cnm
671 2059 974 2129 omnibus
1013 2060 1207 2129 rebus
1244 2072 1311 2129 et
1350 2057 1688 2149 mancipiis
1764 2060 1843 2128 ad
1921 2080 1992 2129 se
2053 2058 2544 2151 pertinentibus,
2588 2077 2732 2149 quae

476 2176 617 2264 jure
662 2184 727 2244 et
765 2171 1052 2263 legaiiter
1114 2174 1306 2242 modo
1375 2173 1789 2262 praescriptus
1828 2185 2040 2242 rector
2116 2176 2416 2243 ecclesiae
2486 2176 2734 2264 absque

484 2285 690 2376 aliqua
731 2284 1155 2376 inquietudite
1215 2284 1507 2375 possidet
1561 2306 1636 2354 ac
1677 2283 1963 2376 disponit
1989 2296 2020 2342 ‘¹
2052 2336 2071 2370 ,
2125 2299 2342 2356 nostra
2388 2284 2580 2377 regali
2621 2307 2735 2377 po-

487 2415 713 2471 testate
752 2422 862 2490 per
901 2402 1025 2469 boc
1084 2397 1443 2469 altitudinis
1506 2411 1898 2491 praeceptum
1955 2398 2163 2471 eidem
2224 2402 2435 2470 denuo
2502 2403 2737 2471 conflr-

486 2537 735 2585 mamus
770 2513 1088 2585 ecclesiae.
1134 2513 1461 2603 Siquidem
1522 2515 1866 2584 statuendo
1941 2516 2021 2583 de
2078 2512 2267 2583 nonis
2306 2527 2370 2583 et
2436 2513 2732 2597 decimis,

487 2641 747 2699 utres'‘
783 2629 864 2699 de
937 2625 1246 2699 comitatu
1321 2628 1753 2709 exsolvantur,
1834 2625 2004 2698 sicut
2064 2626 2127 2697 in
2170 2626 2630 2718 capitularibus
2669 2640 2732 2698 et

485 2744 821 2834 praeceptis
860 2760 1083 2833 regum
1116 2739 1428 2812 insertum
1469 2756 1590 2811 est.
1648 2739 1894 2811 Obtulit
1927 2740 2169 2813 interea
2193 2741 2541 2834 jamdictus
2575 2764 2733 2834 prte-

485 2860 581 2926 sul
615 2855 997 2927 venerabilis
1058 2855 1388 2926 obtutibus
1432 2853 1673 2925 nostris
1725 2855 2141 2927 auctoritates
2187 2854 2634 2941 immunitatis,
2666 2859 2733 2926 in

483 2970 715 3061 quibus
744 2971 1058 3040 insertum
1130 2983 1265 3040 erat
1323 2972 1495 3058 quod
1562 2983 2010 3040 antecessores
2042 2970 2272 3053 nostri,
2315 2969 2733 3062 imperatores

485 3084 779 3155 videlieet
818 3098 882 3155 et
917 3102 1102 3174 reges
1152 3087 1566 3164 Francorum,
1627 3082 1969 3154 ecclesiam
2010 3085 2259 3154 Sanctae
2301 3084 2521 3155 Crucis
2583 3105 2730 3155 cum

485 3201 789 3268 omnibus
825 3200 1021 3269 rebus
1078 3200 1158 3267 ad
1215 3219 1356 3267 eam
1426 3197 1898 3287 pertinentibus
1938 3200 2057 3268 sub
2115 3218 2234 3268 suo
2275 3198 2630 3270 munimine
2669 3213 2732 3269 et

487 3314 866 3384 defensione
903 3326 1072 3382 stare
1111 3309 1439 3381 iecissent.
1486 3313 1664 3382 Unde
1719 3326 1784 3380 et
1843 3332 1963 3382 nos
2023 3333 2246 3383 eorum
2307 3334 2553 3383 morem
2629 3334 2732 3382 se-

487 3440 786 3515 quentes,
825 3439 890 3496 et
931 3422 1271 3496 venerandi
1341 3426 1637 3516 praesulis
1674 3423 2108 3514 peticionibus
2147 3426 2639 3515 acquiescentes
2674 3435 2727 3509 ⁸,

488 3542 609 3609 boc
648 3549 883 3610 nostras
958 3537 1381 3609 immunitatis
1447 3551 1840 3629 praeceptum
1908 3560 2022 3629 pro
2097 3539 2309 3608 divino
2375 3559 2590 3610 amore
2667 3551 2732 3609 et

490 3665 725 3720 nostrae
765 3651 1053 3722 remedio
1091 3651 1323 3721 animae
1362 3654 1439 3721 ad
1486 3651 1692 3742 ipsam
1725 3655 2024 3722 Sanctam
2067 3654 2297 3722 Sedem
2335 3651 2466 3721 fieri
2500 3653 2730 3722 decre-

493 3762 746 3850 vimus;
788 3787 900 3855 per
970 3766 1141 3855 qnod
1193 3763 1389 3855 regali
1455 3764 1838 3835 auctoritate
1911 3764 2321 3856 praecipimus
2384 3778 2450 3834 ut
2517 3768 2732 3835 nullus

487 3879 873 3959 vicecomes,
917 3898 1127 3968 neque
1169 3877 1333 3948 alius
1363 3884 1381 3923 ²
1413 3878 1708 3969 publicus
1733 3879 1955 3968 judex,
2011 3891 2121 3948 aut
2192 3876 2421 3968 aliquis
2460 3899 2532 3947 ex
2559 3877 2733 3967 judi·

489 3989 676 4061 ciaria
718 4004 1064 4082 potestate,
1113 3990 1176 4061 in
1238 3990 1573 4074 ecclesias,
1655 3995 1794 4062 loca
1857 3994 1955 4062 vel
1994 4013 2210 4082 agros,
2271 4013 2386 4062 seu
2447 3994 2733 4082 reliquas

488 4103 939 4194 possessiones
1009 4121 1168 4194 quas
1238 4107 1317 4175 ab
1386 4106 1671 4197 antiquis
1760 4106 2164 4195 temporibus
2225 4107 2322 4175 vel
2403 4105 2732 4176 modernis

486 4217 647 4290 infra
687 4217 1060 4290 ditionemu
1119 4217 1296 4310 regni
1339 4219 1539 4289 nostri
1579 4221 1645 4288 in
1712 4221 2113 4310 quibuslibet
2173 4217 2351 4309 pagis
2414 4222 2510 4289 vel
2554 4219 2733 4289 terri-

553 4619 807 4671 xxxlx.
842 4646 907 4658 —
932 4635 989 4685 q.
1021 4618 1248 4671 abeunt.
1291 4646 1338 4655 -
1376 4632 1418 4668 r.
1449 4618 1548 4670 ita.
1581 4644 1642 4658 -
1677 4634 1720 4670 s.
1757 4618 2193 4685 adquiescentes.
2233 4648 2298 4659 —
2337 4627 2377 4673 t.
2419 4620 2642 4686 aliquis.
2677 4646 2738 4659 -—

498 4716 556 4749 u.
594 4700 904 4751 dictionarii.-
