3485 5571
1422 698 1499 710 -
1541 664 1621 727 33
1673 698 1740 709 ..

458 790 534 861 sit
571 790 762 861 etiam
803 789 929 860 illis
960 803 1158 860 totam
1186 788 1665 881 generationem
1690 788 1941 861 illorum
1984 788 2318 861 hominum
2353 791 2459 882 qui
2491 793 2691 866 Buseti

458 919 781 975 vocantur.
851 908 995 974 llaec
1048 917 1266 974 autem
1315 902 1586 973 firmavit
1640 901 1782 994 ipse
1815 906 2206 994 juramento,
2249 919 2314 975 et
2355 928 2507 977 uxor
2560 910 2704 997 ejus

456 1018 773 1100 Ascelina,
814 1034 879 1088 et
919 1019 1087 1088 tilius
1139 1020 1279 1108 ejus
1320 1015 1735 1101 Rainaudus;
1801 1030 1865 1088 et
1907 1015 2140 1088 milites
2207 1020 2346 1109 ejus
2384 1023 2707 1092 Arraudus

458 1131 667 1216 Bicro,
701 1135 1065 1224 Stephanus
1095 1132 1423 1218 Turmelli,
1452 1131 1748 1216 Ancxeis,
1784 1130 2048 1203 Petinus
2088 1134 2167 1203 de
2201 1134 2413 1217 Porta,
2447 1136 2588 1205 Odo
2627 1137 2708 1206 de

460 1245 692 1331 Miseri,
762 1251 985 1318 Petrus
1050 1249 1555 1329 Chanbcrlanus,
1606 1250 1982 1337 juraverunt
2035 1248 2204 1337 quod
2274 1246 2544 1320 consilio
2611 1252 2710 1321 vel

459 1360 687 1430 auxilio
745 1383 966 1432 eorum
1024 1383 1152 1431 non
1216 1363 1587 1431 auferentur
1645 1359 1764 1431 eis.
1837 1362 2148 1432 Praeterea
2189 1361 2431 1452 rogavit
2492 1386 2612 1434 nos
2643 1378 2712 1434 ut

459 1473 789 1566 scripturae
856 1473 1225 1546 testimonio
1285 1476 1913 1557 commendaremuS‚
1984 1490 2050 1546 et
2108 1472 2302 1566 sigilli
2346 1476 2550 1549 nostri
2592 1476 2709 1547 im-

464 1587 798 1680 pressione
830 1588 1251 1660 muniremus.
1290 1592 1436 1659 Haec
1476 1602 1688 1660 autem
1718 1587 2103 1680 compositio
2165 1592 2328 1660 sacta
2357 1604 2456 1661 est
2489 1613 2714 1665 mense

461 1702 837 1794 septembri,
917 1725 1086 1773 anno
1182 1704 1262 1774 ab
1341 1701 1671 1774 incarnato
1765 1701 2040 1774 Domino
2127 1706 2407 1787 MCXLV,
2506 1704 2710 1776 indic-

464 1816 635 1887 tione
667 1819 829 1899 VIII,
872 1816 1134 1887 domino
1166 1839 1323 1907 papa
1362 1816 1648 1907 Eugenio
1687 1819 1794 1899 lll,
1841 1830 2147 1907 regnante
2175 1815 2493 1888 Ludovico
2522 1821 2704 1889 Fran·

464 1952 686 2001 corum
729 1953 902 2021 rege.
951 1929 1384 2000 Praesentibus
1437 1929 1689 2001 clericis
1730 1929 1968 2000 nostris
2009 1932 2477 2001 Bartholomaeo
2531 1930 2714 2001 Bitu-

458 2042 699 2115 ricensi
733 2042 1211 2128 archidiacono,
1256 2044 1564 2135 magistro
1606 2047 1885 2115 Huberto
1925 2042 2403 2128 archidiacono,
2445 2047 2711 2116 Radull'o

457 2161 690 2229 abbate
733 2161 812 2230 de
871 2157 1102 2242 Casali,
1145 2161 1468 2250 Stephano
1531 2159 1739 2249 priore
1781 2161 1858 2230 de
1917 2157 2105 2243 Salis,
2148 2161 2423 2229 Absalon
2462 2161 2715 2231 cancel-

458 2271 613 2344 lario
659 2288 912 2345 nostro.

1504 2600 1671 2679 xvn

1509 2875 1667 2936 1154

454 3127 843 3200 Composition
880 3134 1037 3184 entre
1065 3128 1118 3183 le
1145 3128 1396 3200 chapitre
1452 3127 1523 3183 de
1574 3128 1970 3184 Sainte-Croix
2010 3135 2062 3184 et
2099 3128 2371 3200 Regnaud
2400 3128 2469 3185 de
2498 3129 2710 3201 Grac-ay

525 3240 600 3280 au
631 3225 784 3293 sujet
808 3222 905 3279 des
935 3229 1228 3280 coutumes
1256 3225 1325 3280 de
1363 3227 1576 3296 Maray.
1606 3225 1625 3258 ¹

1191 3420 1386 3504 (Co-pie
1415 3420 1484 3477 de
1515 3420 1738 3491 Baluze,
1781 3438 1836 3493 p.
1867 3421 1983 3491 94.)

541 3692 681 3779 Ego
714 3689 1011 3770 Petrus2‚
1054 3710 1165 3778 per
1209 3686 1324 3758 Dei
1365 3686 1871 3758 misericordiam
1935 3685 2353 3758 Bituricensis
2411 3686 2706 3759 ecclesiae

451 3801 1014 3893 archiepiscopuS,
1060 3816 1277 3872 notum
1332 3800 1467 3872 fieri
1511 3803 1651 3871 volo
1693 3815 1820 3871 tam
1862 3800 2288 3892 praesentibus
2328 3825 2513 3892 quam
2546 3804 2708 3872 l'utu-

450 3917 570 4000 ris,
625 3919 800 4006 quod
830 3939 974 3988 cum
1007 3914 1172 3987 inter
1209 3914 1557 3986 canonicos
1598 3919 1848 3986 Sanctae
1882 3914 2102 3987 Crucis
2137 3914 2613 3987 Aurelianensis
2645 3929 2709 3987 et

453 4030 862 4103 Rainaudum
926 4033 1005 4100 de
1059 4029 1356 4102 Graciaco
1395 4029 1722 4100 contentio
1771 4028 1878 4099 diu
1909 4043 2084 4101 esset
2123 4030 2357 4121 agitata
2399 4053 2510 4120 pro
2551 4052 2707 4101 con-

451 4144 916 4217 suetudinibus
941 4167 1098 4235 quas
1143 4143 1280 4235 ipse
1316 4127 1712 4215 Raifflbdus
1752 4142 2115 4235 requirebat
2155 4144 2218 4213 in
2251 4158 2416 4215 terra
2458 4149 2708 4216 Sanctae

523 4514 543 4549 ¹
580 4511 669 4569 Cf.
702 4512 791 4567 ch.
836 4513 986 4567 XXX
1016 4518 1069 4567 et
1100 4514 1162 4568 L.

521 4603 546 4635 2
593 4603 700 4657 Les
744 4602 936 4668 lecons
965 4603 1210 4656 donnees
1238 4619 1307 4657 en
1339 4608 1468 4657 note
1498 4607 1625 4658 sont
1658 4603 1842 4673 prises
1882 4601 1951 4657 de
1980 4603 2034 4657 Ia
2074 4601 2469 4673 transcription
2502 4600 2721 4655 inseree

448 4709 521 4747 en
556 4692 613 4746 Ia
644 4691 833 4746 charte
864 4692 1114 4747 suivante
1147 4691 1401 4761 (XVIII).

643 4814 791 4870 usu.
842 4827 985 4871 xxx.
2504 4811 2540 4866 3
