3485 5571
1738 590 1815 600 -
1862 555 1936 620 73
1977 590 2057 602 -.

770 681 1064 755 timeum
1106 696 1171 755 et
1228 685 1410 755 locus
1470 696 1537 755 et
1594 705 1698 754 res
1762 681 1997 773 quibus
2059 696 2349 767 utuntur,
2406 681 2569 773 juris
2628 681 2749 753 sit¹
2816 680 3020 774 ipsius

767 796 1087 881 ecclesiae,
1138 810 1201 869 et
1239 802 1319 868 ab
1358 799 1499 889 ejus
1547 796 1779 868 merito
1819 799 2139 889 pendeat²
2176 811 2516 889 potestate.
2553 802 2709 883 Quae
2777 809 2845 867 ut
2889 800 3021 889 ple-

771 913 1016 983 niorem
1058 911 1122 982 in
1186 911 1300 983 Dei
1377 911 1640 983 nomine
1697 910 2029 984 obtineant
2099 912 2406 1004 vigorem,
2478 927 2545 983 ut
2620 915 2760 984 haec
2825 911 3016 983 etiam

768 1024 982 1096 verius
1012 1025 1380 1118 certiusque
1419 1030 1763 1098 credantur
1799 1049 1874 1097 ac
1925 1024 2154 1097 meiius
2193 1040 2680 1109 conserventur,
2737 1025 3019 1098 nominis

771 1138 972 1210 nostri
1035 1142 1364 1212 karactere
1414 1140 1648 1211 muniri
1706 1154 1773 1212 et
1830 1143 2002 1211 anuli
2055 1139 2255 1212 nostri
2295 1139 2722 1233 impressione
2780 1139 3014 1231 signari

761 1252 1101 1344 jussimus.

860 1371 1018 1439 Data
1047 1371 1181 1439 x111
1216 1371 1344 1439 kal.
1406 1369 1654 1453 marcii,
1715 1393 1886 1441 anno
1954 1371 2209 1441 Christo
2269 1369 2545 1461 propitio
2570 1372 2703 1440 Xlll
2768 1367 3012 1458 imperii

772 1480 994 1553 domni
1029 1482 1322 1554 Ludovici
1369 1482 1641 1574 piissimi
1680 1483 1960 1575 augusti,
1997 1481 2350 1555 indictione
2388 1486 2495 1554 111.
2531 1490 2754 1555 Actum
2786 1481 3015 1575 Aquis-

772 1597 952 1687 grani
982 1594 1215 1688 palatio
1244 1601 1450 1689 regio,
1485 1596 1549 1667 in
1584 1596 1699 1669 Dei
1740 1597 2003 1669 nomine
2042 1597 2331 1670 feliciter.
2379 1603 2604 1669 Amen.

1771 1939 2025 2001 XXXIX

1498 2164 1734 2234 Senlis,
1776 2163 2136 2227 novembre
2175 2161 2294 2227 990

771 2388 1203 2462 Hugues-Capet
1251 2390 1520 2445 confirmo
1566 2392 1599 2445 ὲ
1657 2389 1870 2460 l’eglise
1898 2389 1968 2445 de
2020 2390 2400 2446 sainte-croix
2429 2407 2517 2446 ses
2559 2391 2906 2462 possessions
2952 2390 3020 2446 de
3134 2421 3139 2425 -

1678 2489 1832 2539 toute
1879 2485 2100 2556 espece.

1509 2654 1698 2725 (Copie
1725 2653 1795 2710 de
1824 2655 2041 2725 Baium,
2075 2672 2131 2726 p.
2159 2656 2229 2711 43
2256 2660 2274 2726 )

783 2825 949 2896 (Pub.
978 2826 1193 2892 Gallia,
1225 2832 1265 2880 t.
1295 2825 1444 2892 VIII,
1477 2842 1533 2896 p.
1568 2825 1689 2882 487.
1710 2858 1756 2866 —
1777 2826 1908 2881 Rec.
1944 2827 2041 2881 des
2062 2827 2209 2882 Hisl.
2239 2827 2336 2882 des
2366 2828 2596 2897 GauleS,
2623 2834 2662 2884 t.
2691 2829 2759 2884 X.
2787 2847 2842 2902 p.
2870 2829 3017 2900 556.)

864 3070 932 3138 ln
976 3068 1241 3139 nomine
1316 3065 1568 3138 Domini
1633 3065 1749 3138 Dei
1790 3065 2010 3137 aeterni
2076 3081 2140 3137 et
2199 3066 2530 3139 salvatoris
2590 3070 2792 3139 nostri
2868 3073 3019 3141 Jesu

777 3181 1042 3264 Christi,
1086 3185 1288 3271 Hugo,
1326 3179 1765 3252 misericordia
1786 3179 1901 3251 Dei
1941 3202 2070 3251 rex.
2101 3181 2354 3251 Noverit
2380 3180 2693 3272 sagacitas
2733 3181 3018 3253 omnium

776 3295 1058 3367 fidelium
1101 3308 1339 3366 sanctae
1379 3293 1492 3365 Dei
1534 3293 1828 3366 ecciesiae
1885 3310 2379 3386 nostrorumque
2436 3310 2564 3366 tam
2606 3299 3017 3387 praesentium

776 3433 964 3502 quam
999 3413 1353 3480 futurorum
1416 3408 1719 3493 sollertia,
1791 3407 1938 3498 quia
2001 3408 2226 3480 adiens
2273 3408 2684 3481 serenitatem
2736 3424 3017 3482 nostram

777 3525 873 3595 vir
934 3522 1315 3595 venerabilis
1368 3525 1691 3600 Arnuli'us.
1758 3522 2233 3594 Aurelianensis
2284 3521 2580 3595 ecclesiae
2644 3523 3019 3616 episcopus,

777 3662 922 3728 quae
954 3636 1016 3708 in
1059 3640 1302 3710 bonore
1337 3651 1576 3709 sanctae
1611 3652 1674 3708 et
1713 3636 1974 3708 vivificae
2014 3637 2239 3709 Crucis
2272 3637 2629 3709 dinoscitur
2658 3661 2804 3710 esse
2835 3661 3021 3709 cons-

780 3766 1015 3836 tructa,
1053 3756 1119 3822 in
1174 3774 1295 3842 qua
1336 3750 1526 3823 etiam
1585 3775 1818 3822 manus
1858 3751 2113 3823 Domini
2151 3751 2467 3844 apparuit,
2511 3753 2742 3824 obtulit
2780 3753 3019 3825 obtuti-

776 3869 898 3937 bus
953 3866 1190 3937 nostris
1264 3866 1675 3938 auctoritates
1741 3868 2290 3957 praedecessorum
2348 3881 2740 3950 nostrorum,
2801 3891 3019 3958 regum

778 4093 1209 4186 imperatoris,
1275 4116 1529 4166 necnon
1592 4095 1709 4164 filii
1764 4096 1903 4185 ejus
1967 4093 2265 4165 Ludovici
2324 4108 2389 4166 et
2450 4095 2853 4166 Karlomanni
2899 4098 3025 4187 glo·

780 4208 1289 4280 riosissimorum
1324 4232 1572 4299 regum,
1604 4233 1746 4300 quae
1778 4222 2096 4300 pancartae
2136 4222 2441 4280 vocantur
2471 4235 2488 4294 ;
2529 4208 2593 4279 in
2622 4209 2857 4300 quibus
2881 4233 3026 4281 con·

852 4516 866 4552 ¹
909 4516 1061 4589 Spic.
1094 4517 1224 4574 sint.

848 4605 871 4641 ⁸
908 4606 1064 4680 Spic.
1097 4607 1395 4679 pendeant.
