3485 5571
1318 720 1655 783 ..209--

1319 1072 1583 1136 CXXVII

774 1373 1161 1454 Montargis‚
1192 1370 1302 1455 [25
1326 1388 1509 1435 mars
1531 1370 1568 1434 a
1598 1370 1672 1433 31
1711 1372 2013 1453 octobre]
2043 1370 2223 1435 1201.

329 1622 891 1695 philippe-Auguste
928 1620 1144 1694 precise
1174 1621 1260 1676 les
1287 1620 1462 1676 droits
1506 1620 1736 1692 d’usage
1783 1620 1883 1677 des
1931 1620 2212 1692 chapitres
2268 1619 2337 1675 de
2389 1619 2607 1675 Sainte-

405 1717 585 1774 Groix
614 1724 672 1775 et
701 1719 800 1774 des
825 1733 966 1789 gens
989 1718 1059 1774 de
1089 1718 1357 1788 Traiana,
1384 1716 1592 1790 Clechy
1620 1722 1674 1772 et
1703 1722 1893 1772 autres
1916 1716 2083 1783 lieux,
2115 1720 2168 1772 et
2198 1714 2268 1771 de
2297 1716 2351 1772 la
2394 1715 2607 1772 maison

405 1812 482 1869 de
513 1814 573 1869 la
604 1813 891 1871 Gervaise.

667 1979 860 2050 (copie
890 1976 1278 2034 defectueuse.
1310 1975 1453 2034 Bibl.
1488 1975 1807 2047 d'Orleans,
1838 1992 1945 2033 ms,
1971 1975 2117 2034 552:
2150 1974 2300 2044 389).

434 2219 801 2312 Philippus,
867 2221 984 2291 Dei
1034 2218 1246 2311 gracia
1310 2224 1713 2291 Francorum
1781 2242 1912 2292 rex.
1971 2217 2272 2291 Noverint
2329 2215 2609 2289 universi

345 2349 691 2427 presentes
733 2335 967 2425 pariter
1013 2347 1078 2404 et
1116 2333 1311 2404 futuri
1363 2336 1534 2425 quod
1578 2332 1939 2405 willelmus
1999 2336 2077 2404 de
2139 2334 2417 2424 Capella,
2475 2355 2610 2403 ser-

346 2445 532 2520 viens
565 2460 816 2531 noster,
860 2450 938 2518 de
966 2449 1268 2518 mandato
1295 2460 1519 2518 nostro
1560 2444 2242 2538 fecitinquisitionem‚
2272 2449 2608 2537 perbonos

348 2573 412 2632 et
449 2560 781 2646 legitimos
805 2559 1006 2645 viros,
1036 2559 1190 2651 quid
1226 2558 1390 2651 juris
1427 2558 1777 2652 capitulum
1808 2563 2040 2630 Sancte
2069 2556 2288 2630 Crucis
2320 2557 2608 2630 Aurelia-

351 2674 574 2747 nensis
609 2688 675 2746 et
715 2672 1010 2746 homines
1038 2673 1135 2745 sui
1168 2676 1479 2745 haberent
1517 2677 1587 2744 in
1628 2673 2001 2746 nemoribus
2031 2675 2198 2759 suis,
2246 2672 2352 2764 qui
2384 2671 2610 2746 dicun-

351 2803 450 2860 tur
500 2812 772 2862 nemora
811 2794 1045 2862 Sancte
1081 2788 1326 2873 Crucis,
1371 2788 1434 2859 in
1494 2788 1729 2880 quibus
1795 2792 2009 2861 solent
2068 2812 2298 2881 capere
2353 2811 2607 2861 nemus,

355 2903 618 2996 Capiant
652 2906 772 2975 hoc
814 2906 1008 2975 modo
1049 2906 1219 2994 quod
1248 2902 1604 2975 canonicus
1632 2908 1865 2975 Sancte
1890 2902 2137 2989 CruciS,
2180 2904 2287 2994 qui
2315 2905 2611 2976 residens

353 3016 469 3088 erit
509 3017 575 3088 in
638 3016 913 3090 ecclesia
955 3022 1186 3089 Sancte
1249 3017 1490 3104 Crucis,
1538 3016 1813 3109 singulis
1868 3016 2054 3088 annis
2115 3015 2181 3087 in
2241 3017 2609 3090 nemoribus

357 3130 663 3221 predictis
701 3133 908 3223 capiet
945 3134 1388 3203 tantummodo
1436 3135 1539 3201 XX
1586 3129 1994 3223 quadrigatas
2046 3129 2411 3223 lignorum;
2466 3156 2607 3223 per-

360 3266 507 3316 sona
548 3268 702 3318 vero
740 3248 1032 3338 ejusdem
1072 3244 1347 3317 ecclesie
1377 3267 1501 3337 que
1550 3247 1613 3315 in
1655 3245 1930 3317 ecclesia
1970 3244 2262 3317 residens
2300 3245 2422 3317 erit
2478 3249 2609 3317 sin-

358 3360 518 3447 gulis
565 3358 756 3432 annis
796 3359 861 3430 in
904 3362 1273 3431 nemoribus
1325 3358 1630 3451 predictis
1690 3359 1900 3451 capiet
1962 3363 2404 3431 tantummodo
2455 3364 2610 3430 XXX

362 3473 764 3566 quadrigatas
806 3474 1148 3564 lignorum,
1183 3488 1446 3565 excepta
1477 3473 1786 3565 quadriga
1827 3476 2080 3559 decani,
2153 3488 2333 3546 etc...
2399 3473 2611 3545 Homi-

363 3608 473 3657 nes
509 3591 591 3659 de
649 3585 867 3670 Trino,
908 3589 988 3657 de
1031 3585 1269 3678 Clychi,
1316 3588 1396 3659 de
1430 3590 1729 3674 Barbem,
1762 3590 1840 3658 de
1872 3591 2065 3674 Mas0,
2100 3591 2179 3658 de
2210 3591 2391 3659 Bessi
2427 3601 2490 3658 et
2529 3590 2611 3661 de

366 3700 634 3773 Assartis
665 3714 924 3773 sument
962 3723 1192 3773 nemus
1233 3716 1554 3772 mortuum
1592 3704 1670 3773 ad
1711 3703 2064 3772 ardendum
2107 3701 2169 3771 in
2203 3705 2401 3773 bosco
2430 3701 2601 3793 capi-

367 3812 499 3898 tuli,
533 3829 600 3888 et
626 3838 752 3887 non
805 3815 1055 3907 possint
1086 3818 1357 3887 vendere
1387 3838 1593 3907 neque
1625 3818 1803 3900 dare,
1836 3815 1985 3886 etin
2038 3838 2296 3886 nemore
2346 3819 2608 3888 Camaut

370 3926 535 4000 furca
550 3944 616 4002 et
639 3933 799 4001 festa
828 3943 891 4002 et
907 3932 1258 4001 lechevron
1294 3931 1641 4022 chat-peres
1682 3932 1853 4020 (sic),
1877 3943 1942 4000 et
1985 3932 2196 4021 palum
2229 3930 2605 4022 pugillarem

374 4050 431 4108 et
454 4040 659 4114 vimen
699 4045 779 4114 ad
804 4044 1238 4115 claudendum
1271 4057 1375 4127 ;et
1402 4057 1531 4114 tres
1572 4042 1887 4114 forestarii
1906 4046 1985 4114 de
2006 4042 2238 4115 Trieno
2264 4046 2344 4116 de
2386 4066 2607 4115 nemo-

377 4151 539 4226 ribus
568 4155 828 4249 capituli
870 4160 1020 4228 dare
1074 4169 1377 4249 poterunt
1437 4180 1664 4228 nemus
1718 4171 2042 4228 mortuum
2083 4162 2158 4229 ad
2197 4181 2462 4230 censum
2505 4160 2606 4229 cui

383 4270 724 4356 voluerin13
767 4285 832 4342 et
869 4269 1166 4342 homines
1198 4274 1277 4342 de
1311 4270 1473 4341 villis
1505 4270 1815 4361 predictis
1848 4294 1976 4343 non
2026 4285 2326 4364 poterunt
2381 4296 2609 4365 capere

386 4401 595 4456 nemus
633 4387 777 4457 sine
811 4388 1146 4457 forestario
1209 4388 1288 4457 de
1327 4384 1546 4470 Trium,
1589 4388 1894 4457 Renaudo
1926 4385 2204 4457 Limaux.
2237 4390 2481 4458 Domus
2532 4390 2610 4460 de

391 4493 668 4568 Gervasia
705 4512 771 4568 et
811 4511 1149 4570 manentes
1188 4499 1251 4567 in
1286 4520 1360 4570 ea
1390 4497 1645 4589 capient
1683 4497 1988 4590 quidquid
2023 4499 2457 4571 necessarium
2494 4500 2612 4571 erit

394 4607 458 4673 ad
493 4615 837 4684 ardendum
877 4626 942 4683 et
989 4614 1444 4705 hospitandum
1493 4612 1557 4684 in
1605 4636 1875 4705 corpore
1916 4616 2148 4685 domus
2188 4628 2252 4686 et
2290 4615 2611 4705 hospitum

399 4739 599 4798 nemus
632 4742 984 4799 mortuum.
1019 4730 1206 4814 Quod
1257 4742 1325 4799 ut
1365 4743 1744 4821 perpetuum
1784 4732 1980 4799 robur
2019 4730 2304 4800 obtineat
2351 4750 2612 4823 presen-

558 4870 693 4926 nau.
735 4883 863 4925 xxx.
1278 4908 1285 4915 .
2373 4868 2442 4924 14
