3485 5571
1749 684 2105 749 —264—

806 813 913 898 tis,
948 812 1113 884 sicut
1152 835 1226 882 ea
1262 814 1477 883 omnia
1523 814 1697 903 juste
1727 824 1793 882 et
1844 818 2108 902 pacifice
2150 812 2521 902 possidetis,
2567 813 2749 882 vobis
2778 810 3058 882 auctori-

802 940 931 998 tate
970 928 1319 1017 apostolica
1377 928 1833 997 confirmamus
1894 940 1959 995 et
2027 925 2344 1016 presentis
2400 924 2620 1016 scripti
2685 923 3044 1016 patrocinio

805 1040 1304 1111 communimus,
1351 1040 1514 1110 Nulli
1555 1061 1708 1128 ergo
1749 1037 2012 1108 omnino
2056 1041 2390 1109 hominum
2447 1038 2630 1109 liceat
2673 1041 2839 1108 hanc
2877 1038 3055 1129 pagi-

805 1177 949 1226 nam
993 1167 1211 1225 nostre
1260 1151 1766 1224 confirmationis
1811 1150 2158 1243 intringere
2223 1155 2321 1223 vel
2374 1151 2432 1223 ei
2495 1174 2656 1223 ausu
2710 1152 3053 1223 temerario

806 1266 1142 1339 contraire.
1192 1267 1255 1339 Si
1315 1265 1460 1357 quis
1498 1280 1710 1338 autem
1777 1269 1898 1337 hoc
1943 1278 2325 1356 attemptare
2387 1264 2855 1357 presumpserit
2881 1264 3056 1336 indi-

807 1380 1174 1474 gnationem
1213 1379 1675 1473 omnipotentis
1727 1378 1845 1451 Dei
1885 1393 1948 1451 et
2004 1382 2334 1451 beatorum
2369 1378 2535 1451 Petri
2561 1392 2624 1451 et
2658 1382 2834 1475 Pauli
2867 1401 3057 1472 apos·

808 1498 1081 1567 tolorum
1135 1497 1275 1585 ejus
1350 1517 1421 1565 se
1483 1493 1729 1565 noverit
1797 1495 2233 1564 incursurum.
2298 1500 2532 1564 Datum
2608 1497 2807 1565 Rome
2884 1497 3054 1585 apud

809 1614 1113 1681 Sanctum
1177 1602 1461 1693 Petrum,
1517 1612 1568 1679 V
1605 1609 1915 1679 kalendas
1945 1607 2123 1690 maii,
2182 1609 2607 1717 'pontificatus
2648 1606 2851 1678 nostri
2883 1630 3054 1679 anno

808 1725 1119 1795 secundo.

1776 2086 2069 2149 CLXXVI

1762 2367 1915 2428 Juin
1944 2364 2100 2430 1218

802 2615 881 2671 Le
910 2615 1161 2686 chapitre
1184 2614 1370 2671 donne
1400 2631 1502 2670 son
1528 2615 1893 2670 assentiment
1925 2616 1958 2670 a
1998 2615 2411 2686 l'engagement
2438 2615 2508 2670 de
2550 2614 2880 2671 rendablete
2919 2629 3052 2670 con·

877 2710 1050 2765 tracte
1080 2726 1183 2781 par
1209 2710 1462 2782 l’dveque
1492 2725 1690 2766 envers
1746 2711 1799 2766 le
1855 2711 1938 2766 roi
1994 2728 2138 2783 pour
2182 2713 2237 2768 la
2292 2718 2423 2768 tour
2466 2710 2814 2766 recomment
2845 2708 3051 2766 ediflde

871 2807 904 2861 ὲ
927 2805 1403 2878 Sully-sur·Loire
1422 2807 1463 2862 ¹.

1325 2950 1503 3021 (Orig.
1535 2968 1581 3006 s,
1609 2951 1805 3023 parch.
1839 2951 2010 3007 Arch.
2041 2952 2166 3010 Nat.
2191 2952 2241 3007 J.
2281 2952 2412 3008 170:
2440 2950 2520 3022 8).

886 3195 1193 3263 Lebertus
1238 3193 1522 3262 decanus
1576 3204 1910 3282 totumque
1950 3193 2424 3263 Aurelianensis
2473 3193 2753 3263 ecclesie
2793 3190 3038 3283 capitu-

799 3309 958 3390 lum,
1034 3304 1337 3376 omnibus
1415 3319 1751 3397 presentes
1826 3303 2076 3376 litteras
2158 3304 2547 3397 inspecturis
2627 3307 2902 3376 salutem
2979 3304 3041 3376 in

796 3422 1100 3492 Domino.
1132 3413 1452 3490 'Noverint
1481 3417 1759 3489 universi
1800 3421 1969 3509 quod
2002 3419 2385 3490 venerabilis
2427 3433 2604 3511 pater
2634 3433 2699 3491 et
2739 3418 3045 3491 dominus

799 3538 1147 3616 ManasseS‚
1192 3530 1671 3604 Aurelianensis
1710 3531 2087 3623 episcopus,
2148 3535 2227 3603 de
2280 3555 2552 3603 assensu
2613 3546 2677 3603 et
2715 3536 3041 3604 voluntate

798 3662 1041 3731 nostra,
1083 3646 1597 3738 concessitquod
1676 3648 1817 3738 ipse
1842 3661 1906 3717 et
1945 3669 2362 3718 successores
2402 3651 2502 3719 sui
2545 3647 3041 3720 Aurelianenses

798 3757 1112 3851 episcopi,
1150 3762 1245 3830 vel
1277 3758 1368 3829 illi
1392 3758 1497 3850 qui
1531 3761 1672 3829 loco
1705 3782 1926 3830 eorum
1953 3772 2168 3842 erunt,
2200 3762 2472 3831 reddent
2499 3759 3042 3832 excellentissimo

799 3872 1059 3945 domino
1092 3885 1311 3944 nostro
1335 3871 1651 3963 Philippo,
1680 3871 1909 3943 illustri
1943 3876 2327 3943 Francorum
2365 3870 2525 3964 regi,
2564 3875 2658 3943 vel
2695 3875 2836 3964 ejus
2867 3887 3042 3944 certo

801 3990 1126 4069 mandato,
1167 3990 1245 4058 ad
1278 4009 1571 4078 magnam
1612 3985 1735 4056 vim
1779 4002 1842 4056 et
1876 3988 1954 4056 ad
1997 4009 2278 4077 parvam,
2314 3985 2537 4056 turrim
2583 4008 2810 4056 novam
2853 4009 3042 4078 quam

802 4102 973 4169 idem
1014 4123 1121 4170 rex
1159 4099 1437 4171 edificari
1471 4099 1620 4170 lecit
1657 4102 1825 4190 apud
1858 4098 2207 4184 Soliacum,
2248 4098 2834 4192 quotienscumque
2875 4101 3040 4171 idem

685 4266 690 4269 -
800 4235 906 4283 rex
947 4212 1216 4283 voluerit
1251 4227 1313 4282 et
1343 4213 1509 4284 idem
1541 4216 1892 4305 episcopus
1929 4216 2027 4284 vel
2068 4236 2487 4285 successores
2513 4215 2642 4300 sui,
2679 4217 2779 4286 vel
2810 4213 2902 4284 illi
2934 4213 3043 4304 qui

873 4529 1050 4586 ¹C’est
1073 4545 1202 4585 sans
1232 4528 1401 4584 doute
1428 4528 1479 4583 la
1505 4544 1697 4598 grosse
1720 4533 1853 4584 tour
1877 4528 2013 4584 dont
2051 4527 2132 4582 les
2161 4527 2478 4583 fondations
2508 4533 2604 4583 ont
2655 4529 2744 4584 ete
2802 4528 2967 4584 mises
3005 4529 3038 4583 ὲ

793 4622 928 4691 jour
951 4635 1022 4676 au
1047 4625 1281 4675 conrant
1307 4618 1377 4674 de
1406 4617 1534 4675 Pete
1560 4617 1719 4688 1904,
1748 4618 1887 4673 dans
1911 4619 1965 4673 le
1985 4618 2310 4689 terre-plain
2334 4617 2476 4673 sitne
2504 4619 2539 4673 h
2568 4616 2690 4672 l‘est
2711 4618 2789 4674 dn
2814 4619 3038 4675 chaman

802 4708 1004 4766 actual.
