3485 5571
1311 591 1667 680 ..387-

362 722 618 791 brarum
644 717 698 790 si
724 720 1057 809 contingat
1076 719 1287 809 ipsum
1313 721 1660 790 Hubertum
1684 718 1898 792 venire
1924 731 2146 794 contra
2168 719 2412 792 dictum
2434 743 2615 792 com·

362 835 783 925 promissum.
834 837 930 904 De
981 856 1104 924 qua
1158 856 1323 924 pena
1362 856 1439 905 ex
1476 846 1655 924 parte
1710 845 1930 904 nostra
1993 833 2283 925 apposita
2339 837 2395 905 si
2434 857 2615 906 com-

360 950 562 1019 missa
599 944 792 1019 suerit
829 947 1004 1017 dieto
1044 949 1325 1018 Huberto
1363 949 1695 1030 solvenda,
1734 949 2082 1019 Therrieus
2130 947 2327 1019 Morin
2366 960 2430 1019 et
2477 953 2617 1021 Ste-

361 1065 620 1155 phanus
660 1060 946 1131 Viventis
979 1062 1224 1152 junior,
1266 1060 1425 1132 civis
1481 1060 1986 1144 AurelianensiS‚
2018 1084 2089 1133 se
2139 1060 2614 1134 constituerunt

359 1181 778 1270 fidejussores
811 1200 924 1269 per
960 1179 1154 1247 fidem
1192 1199 1375 1248 suam
1414 1199 1564 1266 erga
1604 1177 1848 1249 dietum
1880 1181 2227 1250 Hubertum
2272 1203 2290 1263 3
2328 1182 2408 1251 de
2447 1178 2615 1251 dieta

361 1313 513 1364 vero
555 1315 720 1383 pena
758 1290 1016 1383 triginta
1066 1288 1373 1362 librarum
1409 1314 1446 1362 a
1480 1290 1653 1362 dicto
1696 1295 1980 1365 Huberto
2016 1292 2306 1384 apposita
2344 1292 2400 1364 si
2437 1316 2615 1366 com·

364 1403 567 1477 missa
603 1403 793 1476 luerit
836 1407 1166 1492 solvenda,
1212 1404 1404 1477 nobis
1439 1409 1769 1478 lohannes
1799 1408 1879 1477 de
1928 1408 2363 1488 Saumeriaeo,
2401 1406 2613 1489 miles,

362 1533 428 1590 et
477 1521 808 1592 ,lohannes
853 1523 934 1591 de
974 1518 1394 1611 Ruppilliaco,
1438 1518 1744 1611 armiger,
1798 1542 1870 1591 se
1918 1519 2398 1592 constituerunt
2455 1523 2618 1593 fide·

354 1636 650 1724 jussores
687 1655 836 1724 erga
885 1656 1007 1705 nos
1040 1655 1152 1724 per
1190 1635 1383 1704 fidem
1423 1655 1607 1704 suam
1638 1656 1835 1725 super
1867 1637 1992 1706 hoc
2031 1636 2404 1725 specialiter
2441 1657 2620 1726 pres·

364 1746 544 1822 titam
586 1749 1014 1837 corporalem.
1050 1746 1219 1818 Dieti
1275 1769 1426 1818 vero
1481 1750 1847 1838 Stephanus
1899 1760 1966 1819 et
2004 1747 2414 1832 Guillermns,
2453 1748 2618 1819 mili·

365 1871 489 1943 tes,
526 1860 904 1950 juraverunt
932 1881 1128 1952 super
1162 1873 1575 1932 sacrosancta
1612 1883 1684 1932 se
1714 1859 1988 1933 fideliter
2016 1863 2098 1932 de
2125 1861 2315 1934 dictis
2355 1876 2620 1933 conten-

370 1972 657 2044 tionibus
695 1971 1046 2045 ·veritatem
1114 1973 1543 2064 inquisituros
1581 1988 1646 2046 et
1702 1976 1908 2047 dictas
1947 1974 2398 2046 contentiones
2451 1978 2620 2047 bona

363 2089 488 2159 fide
531 2102 598 2159 et
657 2111 771 2179 pro
817 2110 1014 2179 posse
1072 2110 1191 2159 sno
1256 2088 1713 2160 terminaturos
1754 2087 1921 2160 infra
1961 2092 2200 2160 festum
2257 2088 2620 2162 Nativitatis

374 2205 598 2273 Sancti
638 2202 948 2274 lobannis
987 2200 1272 2294 Baptiste
1310 2206 1602 2293 proximo
1656 2215 2023 2286 venturum,
2067 2202 2227 2275 infra
2265 2206 2438 2294 quod
2496 2206 2620 2273 fes-

367 2329 500 2386 tum
542 2320 736 2389 dehet
767 2315 1011 2387 dictum
1048 2314 1591 2407 compromissum
1622 2316 1978 2388 terminari.
2012 2321 2081 2386 In
2121 2320 2309 2408 cujus
2346 2318 2440 2388 rei
2487 2338 2623 2387 me-

365 2428 634 2502 moriam
674 2443 739 2501 et
775 2429 1218 2501 testimonium
1257 2445 1598 2520 presentes
1637 2430 1881 2502 litteras
1921 2429 2190 2502 lecimus
2222 2429 2417 2522 sigilli
2458 2452 2613 2501 nos·

366 2544 441 2614 tri
485 2542 845 2616 munimine
881 2548 1194 2617 roborari.
1252 2548 1481 2616 Datum
1521 2567 1693 2617 anno
1731 2544 1993 2618 Domini
2033 2547 2187 2615 MCC
2227 2544 2624 2637 quinquage-

367 2656 561 2745 simo,
608 2681 837 2731 mense
869 2658 1168 2750 januarii.

1370 2981 1586 3044 CCXCI

1228 3255 1265 3317 5
1300 3255 1570 3334 janvier
1607 3254 1762 3317 1251

368 3485 441 3541 Le
468 3485 722 3557 chapitre
752 3485 824 3540 de
858 3483 1276 3549 Sainte-Crois,
1308 3499 1380 3538 en
1406 3483 1821 3539 consideration
1850 3484 1948 3539 des
1979 3484 2400 3541 ameliorations
2424 3499 2623 3555 appor-

436 3583 558 3637 tees
581 3597 681 3653 par
711 3580 762 3635 le
791 3580 971 3651 doyen
1017 3579 1272 3634 Manasse
1302 3595 1374 3634 en
1400 3596 1492 3634 ses
1540 3580 1792 3635 maisons
1824 3580 1961 3635 dont
2000 3580 2039 3635 il
2086 3580 2209 3652 paie
2256 3596 2335 3636 un
2363 3581 2516 3651 loyor
2554 3579 2623 3634 de

443 3676 551 3732 100
580 3692 714 3731 sous
763 3675 963 3748 parisis
1006 3679 1059 3729 et
1091 3674 1166 3730 du
1203 3675 1323 3745 legs
1351 3692 1423 3731 au
1472 3676 1723 3747 chapitre
1762 3676 1933 3731 d’une
1971 3692 2112 3732 cour
2155 3680 2205 3731 et
2262 3676 2396 3731 d’nn
2436 3674 2625 3745 jardin

439 3772 666 3827 achetes
695 3788 797 3843 par
819 3771 899 3826 lui
929 3770 1177 3826 derriere
1200 3787 1292 3826 ces
1315 3771 1583 3841 maisons,
1616 3788 1687 3826 au
1723 3771 1850 3826 dela
1870 3771 1969 3826 des
1994 3770 2289 3826 murailles
2305 3772 2374 3826 de
2394 3770 2447 3825 la
2472 3770 2621 3840 ville,

439 3868 637 3923 decide
661 3883 773 3940 que
810 3868 863 3923 le
893 3868 1169 3923 chanoine
1195 3867 1356 3936 Jean,
1389 3883 1494 3922 son
1525 3883 1703 3923 neven
1742 3873 1802 3923 et
1843 3867 2088 3936 bernier,
2115 3869 2305 3938 paiera
2334 3868 2497 3939 apres
2522 3866 2624 3935 lui,

439 3969 603 4019 outre
641 3980 709 4018 ce
758 3963 930 4035 loyer,
983 3961 1054 4018 40
1102 3979 1235 4018 sous
1280 3963 1485 4034 parisis
1539 3964 1571 4018 a
1606 3963 1908 4019 distribuet·
1936 3979 2007 4018 en
2056 3963 2472 4019 l’anniversaire
2526 3962 2626 4019 des

442 4065 670 4131 parents
705 4058 869 4116 dudit
896 4058 1093 4131 doysn.

817 4154 993 4225 (Orig.
1027 4172 1074 4210 S.
1105 4155 1299 4225 parch.
1343 4156 1514 4212 Arch.
1545 4155 1624 4211 du
1665 4155 1876 4226 Loiret,
1926 4155 1994 4211 G.
2036 4154 2188 4225 268).

460 4372 780 4443 Omnibus
819 4386 1156 4462 presentes
1206 4371 1448 4444 litteras
1501 4371 1919 4464 inspecturis,
1981 4378 2303 4444 Manasses
2341 4373 2624 4442 decanus

377 4496 703 4575 totumque
744 4485 1095 4577 capitulum
1139 4486 1593 4557 Aurelianense
1636 4490 1912 4558 salutem
1955 4486 2017 4556 in
2062 4485 2366 4557 Domino.
2418 4489 2619 4555 Nove-

380 4596 502 4668 rint
525 4597 807 4671 universi
841 4602 1011 4690 quod
1039 4623 1189 4671 cum
1224 4601 1314 4669 vir
1341 4602 1730 4671 venerabilis
1766 4601 2183 4693 M[anasses],
2212 4602 2495 4670 decanus
2525 4620 2630 4669 ec·
