3485 5571
1796 654 2109 718 ...12-

829 784 1124 876 gavensis
1201 797 1457 856 monete
1529 785 1985 875 persolvendas
2072 804 2275 873 usque
2345 784 2422 852 ad
2498 784 2763 852 octabas
2831 781 3066 852 Natalis

826 895 1138 968 Johannis
1180 896 1458 988 Baptiste
1489 919 1612 987 que
1645 910 1795 966 sunt
1839 893 2037 986 prima
2079 893 2181 964 die
2215 893 2381 985 julii,
2427 909 2493 965 et
2532 893 2773 985 septies
2809 909 3064 965 centum

828 1010 1070 1080 solidos
1109 1008 1575 1100 andegavensis
1616 1022 1873 1079 monete
1906 1009 2366 1099 persolvendos
2430 1029 2636 1097 usque
2690 1010 2770 1078 ad
2809 1009 3069 1078 octabas

824 1123 1061 1194 Natalis
1125 1122 1403 1194 Domini.
1472 1126 1547 1194 Et
1617 1146 1690 1193 ex
1758 1120 1877 1192 alia
1947 1137 2123 1213 parte
2189 1124 2463 1193 debebat
2550 1127 2784 1213 Symon
2856 1121 3063 1192 eidem

827 1241 1025 1309 Barbe
1065 1242 1107 1308 L
1130 1252 1192 1308 et
1214 1241 1288 1308 lX
1314 1235 1507 1308 libras
1537 1235 2003 1326 andegavensis
2030 1250 2286 1307 monete
2312 1251 2375 1307 et
2406 1239 2561 1306 11110r
2590 1235 2794 1306 ciatos
2823 1233 3063 1325 argenti

822 1365 888 1423 et
922 1354 1001 1421 de
1040 1350 1141 1420 bis
1175 1356 1217 1420 L
1255 1365 1321 1421 et
1364 1356 1440 1421 lX
1481 1349 1657 1421 libris
1696 1364 1762 1420 et
1804 1353 1968 1419 llllor
2005 1348 2188 1420 ciatis
2233 1348 2479 1440 argenti
2525 1352 2719 1420 habet
2769 1349 3067 1420 dominus

825 1468 1021 1536 Barba
1097 1464 1161 1534 in
1240 1463 1421 1535 vadio
1490 1469 1585 1535 XL
1659 1462 1909 1534 modios
1975 1462 2375 1554 hibernagii¹
2440 1462 2690 1534 scilicet
2737 1460 3063 1547 frumenti,

823 1595 882 1650 et
922 1583 1106 1649 xvlll
1152 1578 1402 1649 modios
1440 1591 1506 1650 et
1544 1582 1592 1648 V
1636 1578 1841 1647 minas
1889 1600 2090 1649 avene
2139 1592 2508 1648 mensurate
2555 1580 2633 1648 ad
2704 1600 3065 1648 mensuram

819 1692 1161 1763 Tburonis.
1208 1690 1428 1764 Simon
1474 1694 1552 1764 de
1594 1691 2013 1782 Balgenciaco
2055 1694 2330 1762 debebat
2375 1707 2527 1763 tunc
2570 1696 2758 1763 Petro
2801 1691 3069 1781 Haimari

818 1809 913 1875 LX
977 1818 1041 1874 et
1090 1808 1168 1875 ΧΙ
1249 1803 1442 1874 libras
1508 1819 1570 1875 et
1610 1807 1685 1873 v1
1726 1801 1970 1874 solidos
2045 1803 2518 1876 Aurelianensis
2593 1818 2853 1875 monete
2901 1806 3070 1875 unde

820 1917 1067 2009 pepigit
1104 1916 1163 1989 ei
1203 1920 1452 1988 solvere
1486 1917 1849 2008 quibusque
1882 1917 2086 1987 tribus
2119 1917 2453 1989 mensibus
2482 1919 2526 1989 C
2558 1918 2803 1989 solidos
2824 1925 2844 1956 ²
2874 1924 3067 1990 Aure-

824 2029 1146 2102 lianenses
1185 2033 1356 2121 quod
1398 2030 1684 2102 debitum
1713 2033 2114 2121 persolvetur
2147 2034 2226 2102 de
2253 2033 2609 2123 prefectura
2644 2031 3066 2123 Balgenciaci.

818 2145 1034 2215 Simon
1077 2147 1351 2216 debebat
1391 2157 1543 2215 tunc
1604 2146 1929 2215 Teobaldo
1983 2144 2195 2214 Marini
2254 2149 2306 2215 M
2363 2144 2606 2216 solidos
2656 2142 2763 2236 qui
2829 2149 3070 2237 persol-

818 2274 1043 2330 ventur
1093 2258 1149 2330 ei
1208 2263 1287 2331 de
1338 2263 1694 2351 prefectum
1772 2260 2095 2351 Raginaldi
2172 2260 2373 2331 Affixi.
2441 2259 2754 2332 Dominus
2830 2266 3064 2352 Symon

815 2377 1090 2445 debebat
1130 2390 1282 2445 tunc
1342 2373 1641 2445 Jolduino
1697 2375 2080 2466 Mirapedem
2137 2377 2183 2444 C
2246 2374 2438 2445 libras
2497 2397 2690 2465 super
2747 2376 3065 2446 redditum

816 2488 1055 2580 Ligeris
1104 2492 1183 2559 de
1231 2511 1357 2579 quo
1405 2492 1525 2559 hee
1568 2491 1612 2557 C
1655 2492 1814 2559 libre
1874 2487 2366 2560 Aurelianenses
2414 2492 2765 2560 solventur.
2830 2494 3064 2581 Symon

814 2604 1086 2673 debebat
1162 2616 1315 2672 tunc
1402 2601 1700 2672 Gaulrido
1777 2605 2133 2673 Passerello
2196 2607 2247 2673 X
2320 2601 2513 2673 libras
2589 2602 3066 2675 Aurelianensis

817 2730 1073 2788 monete
1129 2729 1195 2788 et
1243 2720 1294 2792 X
1345 2716 1537 2787 libras
1591 2714 2073 2808 Andegavensis
2124 2730 2383 2789 monete
2439 2740 2563 2808 que
2613 2720 3059 2809 persolventur

814 2834 893 2901 de
983 2834 1338 2922 prefectura
1439 2829 1780 2901 Firmitatis
1870 2831 2102 2901 Aureni
2179 2847 2242 2901 et
2311 2834 2390 2902 de
2468 2834 2826 2922 prefectura
2887 2834 3059 2902 Calvi

815 2943 1076 3015 montis.
1125 2949 1418 3015 Preterea
1456 2942 1756 3014 dominus
1798 2944 2016 3015 Simon
2080 2946 2272 3015 debet
2335 2948 2580 3015 Matheo
2645 2946 3058 3017 Hermenardi

814 3062 910 3129 XL
965 3061 1224 3142 talenta,
1313 3072 1374 3128 et
1462 3055 1702 3148 pepigit
1787 3056 1844 3128 ei
1923 3070 2174 3129 mittere
2255 3062 2306 3127 X
2393 3058 2644 3129 modios
2708 3081 2907 3131 avene
2979 3063 3060 3129 ad

814 3194 1182 3241 mensuram
1225 3174 1735 3241 Thuronensem.
1786 3175 2003 3241 Preter
2059 3174 2183 3242 boc
2241 3174 2542 3242 dominus
2598 3171 2817 3242 Simon
2871 3175 3064 3244 debet

818 3284 1206 3355 Eschivardo
1270 3283 1396 3355 lilio
1470 3283 1724 3355 Mellerii
1785 3289 1836 3354 X
1903 3283 2097 3356 libras
2178 3284 2670 3357 Aurelianenses
2735 3309 2859 3377 que
2934 3290 3064 3356 sol·

818 3412 1045 3469 ventur
1086 3401 1166 3468 de
1206 3401 1562 3488 prefectura
1625 3397 2047 3469 Archenbaldi
2099 3398 2296 3489 Nigri,
2359 3414 2425 3469 et
2482 3399 2722 3491 pepigit
2761 3399 2816 3470 ei
2885 3401 3061 3489 quod

816 3513 1051 3582 faceret
1088 3534 1238 3582 eum
1297 3509 1647 3582 immunem
1710 3515 1789 3582 ab
1830 3510 2005 3583 omni
2047 3512 2377 3583 exactione
2418 3513 2552 3584 sive
2591 3516 3060 3585 consuetudine

816 3640 880 3695 et
919 3628 1087 3715 quod
1143 3628 1321 3696 daret
1352 3625 1417 3695 ⁴ei
1457 3640 1932 3715 competentem
1992 3629 2252 3696 domum
2317 3626 2381 3696 in
2412 3626 2802 3717 competenti
2842 3630 2983 3698 loco
3009 3635 3057 3708 ²,

817 3752 882 3810 et
923 3743 1049 3809 duo
1076 3751 1342 3829 arpenta
1372 3739 1574 3809 vinee.

907 3855 1109 3922 Debet
1148 3851 1337 3923 etiam
1390 3852 1690 3923 dominus
1747 3851 1966 3923 Simon
2007 3852 2216 3924 Odoni
2262 3855 2341 3924 de
2381 3853 2629 3946 Bestisy
2679 3858 2776 3924 XL
2816 3853 3057 3926 solidos

818 3989 982 4055 quos
1020 3967 1305 4056 precepit
1370 3969 1532 4036 solvi
1606 3969 1685 4037 de
1740 3965 2094 4038 redditibus
2151 3984 2270 4039 sue'
2328 3980 2519 4038 terre.
2590 3971 2764 4039 Idem
2803 3991 3056 4059 quoque

818 4081 1011 4151 debet
1063 4077 1342 4150 Simeoni
1388 4083 1467 4151 de
1502 4080 1778 4151 Karitate
1817 4083 2000 4151 XVlll
2029 4083 2222 4152 libras
2262 4096 2325 4152 et
2363 4084 2532 4152 Illl01·
2581 4082 2824 4153 solidos
2872 4087 3060 4153 Aure.-

888 4481 902 4513 ¹
949 4480 1260 4534 Au·dessus
1291 4484 1373 4532 est
1402 4479 1572 4533 ecrit:
1605 4478 1669 4532 id
1695 4486 1778 4532 est
1808 4478 2071 4534 hiemalis
2099 4496 2350 4536 annone.

889 4572 911 4601 *
949 4569 1263 4624 Au-dessus
1292 4575 1374 4623 est
1405 4569 1541 4622 ecrit
1569 4585 1582 4623 :
1628 4567 1705 4623 VI
1730 4568 1921 4623 libras,

889 4660 911 4689 ⁵
952 4657 1264 4714 Au-dessus
1295 4664 1380 4713 est
1407 4657 1542 4712 ecrit
1568 4675 1580 4712 :
1613 4658 1994 4729 Balqenciaci.
