3485 5571
1749 583 2104 655 -190-

798 714 990 789 annis
1026 722 1454 808 sequentibus
1480 722 1685 792 donec
1714 721 1990 811 'prelatas
2010 725 2210 791 XXXta
2247 721 2440 791 libras
2471 718 2831 812 'perceperit
2867 733 2934 790 et
2969 723 3046 789 de

795 832 1190 924 reemptione
1229 835 1494 924 major-ie
1526 837 1602 905 ad
1653 838 2044 907 voluntatem
2111 858 2293 906 suam
2350 834 2541 906 luerit
2615 834 3040 905 satislactnm.

793 946 977 1030 Quod
1021 958 1089 1015 ut
1117 958 1325 1016 ratum
1346 944 1412 1015 in
1454 957 1782 1038 posterum
1814 959 2246 1038 permaneret,
2276 970 2398 1019 nos
2433 950 2517 1019 ad
2558 969 2790 1039 preces
2826 948 3043 1018 domni

792 1058 1080 1150 episcopi
1162 1059 1531 1131 testimonio
1599 1061 1952 1133 litterarum
2034 1075 2098 1134 et
2188 1061 2380 1153 sigilli
2443 1059 2645 1133 nostri
2717 1065 3044 1132 karantere

791 1174 1058 1263 dignum
1091 1173 1387 1244 duximus
1413 1177 1737 1246 roborare.
1803 1181 2028 1246 Actum
2089 1177 2387 1247 kalendis
2448 1174 2823 1246 novembris
2876 1196 3043 1245 anno

793 1284 1101 1357 incarnati
1142 1287 1316 1358 verbi
1349 1291 1579 1359 MCXC.

1822 1652 2006 1714 CVllI

1671 1948 1977 2025 OrleanS,
2009 1948 2168 2012 1190

793 2203 1156 2274 Resignation
1182 2217 1283 2276 par
1310 2204 1552 2260 Imbaud
1589 2207 1642 2262 le
1681 2208 1842 2264 Roux
1870 2214 2031 2264 entre
2060 2209 2140 2264 les
2171 2209 2352 2263 mains
2397 2208 2468 2262 de
2516 2209 2771 2280 l’eveque
2810 2209 2879 2263 de
2916 2214 3038 2263 tous

863 2316 954 2354 ses
979 2300 1153 2355 droits
1177 2317 1276 2356 sur
1306 2301 1517 2372 l’eglise
1554 2302 1623 2358 de
1652 2305 1873 2374 Josnes‚
1906 2321 2017 2376 que
2045 2305 2293 2377 l'eveque
2318 2305 2545 2360 consere
2566 2306 2597 2360 a
2623 2306 2884 2369 vincent,
2913 2305 3039 2359 cba-

860 2396 1029 2452 noine
1055 2396 1123 2452 de
1153 2397 1551 2454 sainte-croix.

862 2543 1040 2617 (Orig.
1071 2561 1117 2599 s,
1151 2545 1494 2616 parchemin.
1527 2547 1694 2602 Arch.
1726 2547 1803 2602 du
1835 2547 2042 2617 Loiret‚
2074 2548 2140 2604 G.
2171 2547 2276 2603 333
2305 2566 2320 2617 ;
2353 2548 2601 2602 mention
2632 2546 2966 2619 Scriptum).

874 2765 1211 2850 Henricus,
1257 2765 1370 2837 Dei
1423 2766 1618 2858 gratia
1670 2766 2146 2839 Aurelianensis
2210 2765 2585 2859 episcopus,
2628 2765 2932 2837 omnibus
2972 2763 3031 2834 in

785 2895 1193 2973 perpetuum.
1226 2880 1479 2952 Noverit
1507 2881 1890 2953 universitas
1916 2897 2124 2954 vestra
2146 2884 2314 2973 quod
2336 2883 2703 2953 Umbaudus
2723 2880 2910 2951 miles
2931 2903 3034 2951 co·

785 2992 1089 3083 gnomine
1129 2996 1329 3064 Rufus
1359 2993 1420 3064 in
1454 3010 1672 3065 nostra
1719 2996 2039 3086 presentia
2091 2997 2487 3067 constitutus
2526 2994 2833 3084 quicquid
2868 2991 3029 3084 juris

786 3110 1059 3178 habebat
1088 3106 1152 3177 iu
1188 3109 1462 3179 ecclesia
1502 3111 1583 3179 de
1620 3113 1848 3194 Jeona,
1893 3123 2020 3180 tam
2062 3109 2125 3179 in
2155 3108 2371 3180 altaris
2397 3107 2832 3179 oblationibus
2869 3130 3023 3199 quas

786 3220 933 3290 binc
962 3243 1165 3312 usque
1192 3237 1593 3314 perceperat,
1632 3245 1823 3314 quam
1851 3222 1917 3293 in
1953 3222 2223 3294 minutis
2260 3222 2453 3294 etiam
2492 3222 2792 3305 decimis,
2847 3243 3032 3312 quam

784 3332 848 3404 in
890 3333 1236 3406 donatione
1263 3335 1466 3427 ipsius
1503 3336 1808 3421 ecclesie,
1840 3336 1903 3407 in
1956 3360 2144 3408 manu
2178 3351 2396 3409 nostra
2427 3339 2646 3407 multis
2676 3336 3032 3406 astantibus

786 3448 1059 3541 pleniter
1103 3448 1472 3542 resignavit,
1516 3467 1578 3524 et
1636 3475 1755 3523 nos
1810 3452 2025 3524 omnia
2066 3453 2431 3544 supradicta
2472 3434 2817 3523 karissimo
2858 3448 3034 3522 socio

784 3575 849 3634 et
878 3565 1293 3637 commensali
1361 3581 1584 3638 nostro
1660 3568 2023 3650 Vincentio,
2073 3565 2513 3638 Aurelianensi
2575 3564 2891 3638 canonico
2965 3579 3027 3637 et

782 3679 1127 3763 sacerdoti,
1158 3681 1578 3764 contulimus,
1610 3694 1972 3752 statuentes
2000 3694 2065 3751 et
2093 3680 2352 3772 scriptis
2376 3678 2787 3772 presentibus
2816 3682 3035 3750 decer-

785 3798 1013 3864 nentes
1052 3798 1121 3862 ut
1158 3795 1459 3884 quamdin
1501 3794 1721 3865 vixerit
1748 3798 1843 3866 vel
1867 3795 2169 3866 insecuto
2192 3798 2386 3866 suerit
2413 3793 2650 3866 casine
2672 3792 3036 3885 calumpnia

782 3922 847 3978 et
888 3907 1395 3978 contradictione
1427 3908 1763 4000 percipiat.
1799 3911 1885 3978 Ad
1934 3913 2054 3981 hec
2116 3908 2575 3980 nichilominus
2645 3907 3033 3998 supradictis

785 4022 1080 4092 duximus
1148 4024 1630 4113 adjungendum
1709 4025 1882 4112 quod
1951 4020 2121 4093 idern
2195 4022 2381 4093 miles
2455 4022 2704 4092 fructus
2775 4018 3036 4112 majoris

784 4135 1059 4217 decime,
1103 4147 1293 4225 qnam
1332 4135 1399 4205 in
1442 4135 1584 4206 villa
1624 4135 1909 4227 predicta
1958 4135 2317 4207 dinoscitur
2351 4134 2710 4226 possidere,
2745 4133 3036 4224 predicto

786 4253 1145 4342 presbitero
1182 4258 1388 4339 ‘usque
1414 4253 1492 4321 ad
1520 4248 1774 4321 triennii
1819 4258 2073 4341 tempus
2115 4249 2299 4320 titulo
2349 4249 2735 4320 venditionis
2781 4250 2850 4318 in
2894 4260 3038 4341 pre-

785 4364 989 4435 sentia
1018 4370 1234 4435 nostra
1283 4378 1610 4436 contracte
1658 4364 2010 4435 concessit.
2072 4362 2228 4451 'Quia
2293 4374 2508 4435 autem
2571 4362 3033 4435 conventiones

787 4481 910 4549 iste
937 4486 1150 4549 coram
1195 4477 1382 4550 'nobis
1412 4480 1729 4549 celebrate
1749 4492 1906 4549 sunt
1943 4494 2005 4549 et
2043 4480 2323 4561 laudate,
2357 4501 2469 4549 eas
2507 4481 2658 4569 quia
2685 4481 2766 4549 de
2805 4484 3031 4549 nostro

786 4598 937 4661 s'u‘n't
976 4594 1163 4663 l'eodo
1204 4601 1285 4663 'ne
1322 4590 1642 4664 oblivione
1681 4593 2028 4684 depereant
2078 4593 2203 4674 v‘el,
2228 4593 2399 4682 quod
2453 4593 2645 4675 absit,
2690 4586 3030 4682 cujuslibet
3121 4650 3125 4657 .
