3485 5571
1695 694 2053 758 —326—

747 835 967 915 posset
1004 845 1116 895 eas
1163 823 1331 894 sicut
1383 822 1821 914 supradictum
1879 835 1980 894 est
2031 820 2408 913 adimplere,
2460 818 2601 911 ipse
2656 828 2985 891 teneretur

746 939 1013 1009 reddere
1050 939 1335 1029 capitulo
1365 940 1599 1007 Sancte
1640 935 1865 1008 Crucis
1901 935 2160 1027 triginta
2209 934 2403 1005 libras
2439 932 2819 1026 parisiensis
2859 956 2996 1004 mo-

746 1064 893 1122 nete
920 1073 1035 1143 pro
1073 1073 1264 1142 pena,
1304 1051 1383 1121 ad
1410 1052 1593 1142 cnjus
1628 1073 1793 1142 pene
1821 1048 2208 1121 solutionem
2251 1071 2322 1119 se
2363 1046 2666 1139 obligavit
2706 1048 2989 1139 plegium

746 1164 1057 1237 Henricus
1099 1166 1292 1235 frater
1313 1166 1478 1256 ejuS‚
1510 1164 1722 1251 miles,
1769 1165 1894 1234 fide
1929 1162 2138 1234 media
2167 1165 2221 1233 si
2242 1161 2558 1235 committi
2593 1162 2998 1252 contingeret

750 1301 980 1370 penam
1021 1277 1220 1348 illam.
1288 1277 1511 1348 Dictus
1577 1300 1725 1348 vero
1788 1276 2081 1348 Giraldus
2147 1278 2226 1347 de
2266 1273 2653 1367 supradictis
2693 1272 2996 1345 omnibus

747 1393 1018 1462 fideliter
1062 1393 1480 1462 observandis
1524 1394 1716 1462 fidem
1757 1394 1823 1461 in
1875 1414 2069 1461 manu
2110 1405 2328 1461 nostra
2368 1387 2651 1482 prestitit
2704 1410 2998 1479 corpora-

750 1510 900 1576 lem.
971 1512 1197 1576 Actum
1271 1528 1446 1576 anno
1515 1503 1975 1576 incarnationis
2044 1503 2367 1575 dominice
2443 1506 2596 1574 MCC
2666 1500 2996 1574 tricesimo

749 1634 1001 1710 quarte,
1042 1642 1267 1691 mense
1308 1618 1500 1691 maio,

1697 1983 2042 2046 CCXXXlV

1491 2292 1774 2373 Aulnay‚
1808 2291 1886 2355 30
1915 2292 2050 2353 mai
2095 2289 2252 2353 1234

996 2521 1300 2593 Reception
1330 2538 1432 2593 par
1453 2538 1531 2576 un
1561 2521 1835 2577 chanoine
1865 2521 1935 2576 de
1960 2520 2337 2577 Sainte·Croix
2366 2519 2465 2575 des
2495 2518 2748 2573 cautious

1378 2617 1770 2673 relativement
1797 2619 1827 2673 a
1851 2618 2012 2673 l’acte
2040 2617 2363 2690 precedent.

896 2762 1063 2835 orig.
1095 2778 1139 2818 s.
1173 2763 1366 2834 parch.
1400 2762 1568 2819 Arch.
1601 2761 1679 2819 du
1707 2761 1916 2833 Loiret,
1948 2763 2015 2819 G.
2056 2760 2199 2834 3743
2230 2762 2480 2818 mention
2510 2759 2851 2831 Scriptum).

830 2977 1129 3050 Noverint
1172 2978 1451 3050 universi
1485 2981 1657 3070 quod
1698 3002 1847 3050 cum
1879 2982 2189 3050 Geraldus
2228 2982 2308 3050 de
2350 2978 2674 3051 Poenvilla
2700 2977 2993 3048 donatio-

742 3115 891 3163 nem
930 3096 1097 3182 apud
1136 3093 1369 3165 Villare
1404 3096 1647 3164 Martini
1691 3097 1922 3164 factam
1953 3093 2235 3185 capitulo
2277 3098 2510 3164 Sancte
2542 3093 2764 3164 Crucis
2791 3094 2998 3163 Aure·

748 3208 1058 3280 tianensis
1112 3232 1147 3281 a
1210 3210 1553 3281 venerabili
1615 3209 1749 3281 viro
1780 3209 2095 3301 Philippo,
2163 3212 2486 3301 quondam
2552 3208 2990 3281 Aurelianensi

750 3321 1083 3414 episcopm
1134 3323 1434 3395 voluisset
1471 3338 1536 3393 et
1569 3326 1893 3396 laudasset
1941 3337 2250 3415 tanquam
2313 3327 2640 3396 secundus
2692 3320 2994 3394 dominus

746 3436 940 3520 leodi,
969 3450 1034 3508 et
1071 3461 1212 3509 eam
1236 3445 1562 3509 teneretur
1591 3442 1912 3529 garentire
1941 3453 2162 3510 contra
2190 3461 2420 3510 omnes
2442 3438 2549 3529 qui
2579 3461 2649 3508 se
2677 3439 3000 3509 secundos

746 3550 1044 3621 dominos
1073 3550 1244 3621 illius
1283 3552 1449 3623 feodi
1478 3551 1790 3636 dicerent,
1819 3556 1938 3623 sub
1979 3573 2143 3644 pena
2183 3551 2446 3644 triginta
2480 3550 2784 3622 librarum
2829 3551 2999 3642 pari·

747 3663 982 3735 siensis
1025 3675 1285 3736 monete
1338 3668 1790 3738 solvendarum
1844 3666 2017 3738 dicto
2058 3669 2339 3758 capitulo
2380 3665 2432 3736 si
2494 3689 2637 3737 eam
2678 3663 3000 3756 garentire

745 3800 872 3880 non
931 3792 1175 3870 posset,
1210 3783 1382 3850 sicut
1417 3779 1479 3848 in
1527 3779 1763 3851 litteris
1803 3781 2147 3852 venerabili
2191 3779 2302 3851 viri
2358 3777 2548 3866 Petri,
2595 3777 2999 3871 Stampensis

745 3892 1205 3977 archidiaconi,
1250 3916 1444 3985 super
1475 3898 1596 3966 hoc
1631 3895 1949 3967 contectis
1985 3899 2242 3987 plenius
2283 3895 2677 3976 continetur,
2722 3905 2786 3966 et
2825 3905 3005 3965 tene·

744 4019 918 4077 retur
956 4006 1168 4078 dictus
1220 4014 1295 4078 G.
1358 4011 1509 4080 dare
1562 4009 1812 4099 plegios
1854 4008 2025 4081 dicto
2079 4009 2359 4099 capitulo
2417 4013 2547 4080 tam
2585 4010 2666 4079 de
2718 4010 3001 4099 garantia

748 4141 940 4212 quam
997 4124 1077 4192 de
1126 4141 1290 4214 pena
1352 4123 1405 4192 si
1445 4146 1585 4194 eam
1628 4123 2034 4214 contingeret
2073 4123 2415 4207 committi,
2460 4135 2522 4195 et
2555 4124 2807 4215 plegios
2847 4146 3000 4194 suos

651 4274 654 4278 >
745 4258 873 4306 non
904 4250 1126 4328 posset
1144 4240 1485 4307 commode
1518 4239 1839 4308 adducere
1879 4238 2324 4331 Aurel[ianis]‚
2377 4251 2497 4327 e'go
2538 4237 2675 4307 Gilo
2709 4235 2791 4308 de
2848 4237 3000 4308 Tor-

745 4352 981 4434 neello,
998 4349 1349 4421 canonicus
1366 4350 1869 4436 Aurelianensis,
1899 4351 2138 4424 missus
2160 4359 2226 4421 et
2249 4350 2616 4443 specialiter
2633 4349 2953 4422 destinatu
2967 4373 2998 4421 s

743 4486 779 4534 a
803 4459 1083 4554 capitulo
1114 4468 1347 4534 Sancte
1380 4463 1601 4534 Crucis
1643 4485 1758 4555 pro
1784 4464 2174 4556 recipiendis
2214 4463 2445 4556 plegiis
2473 4463 2739 4554 sepefati
2763 4467 2865 4545 G.‚
2897 4457 2996 4534 die

742 4576 963 4646 martis
1017 4590 1167 4647 ante
1223 4576 1684 4649 Ascensionem
1724 4576 1987 4649 Domini
2029 4577 2278 4649 accessi
2321 4575 2744 4669 personaliter
2782 4576 2862 4648 ad
2900 4579 2998 4647 Al·

745 4704 991 4774 netum,
1033 4704 1097 4760 et
1136 4689 1223 4760 ibi
1262 4689 1326 4758 in
1356 4692 1548 4762 domo
1579 4690 1865 4763 defuncti
1895 4692 2232 4784 Baginaldi
2266 4694 2346 4762 de
2370 4694 2629 4774 Alnet0‚
2678 4691 2995 4788 quondam
