3485 5571
1305 668 1662 732 -431-

1359 939 1632 1000 CCCLIX

1191 1156 1267 1220 31
1316 1157 1580 1222 octobre
1626 1158 1782 1223 1289

339 1354 537 1410 vente
577 1370 687 1411 aux
729 1353 1052 1427 chapelains
1101 1354 1171 1411 de
1214 1354 1611 1411 Sainte-Croix
1655 1370 1758 1427 par
1786 1355 2107 1412 Guillaume
2141 1355 2217 1410 Le
2246 1353 2416 1410 Ballif
2447 1354 2615 1410 d’nne

727 1450 949 1507 maison
973 1451 1083 1507 sise
1103 1466 1208 1507 rue
1234 1449 1472 1521 Maillet,
1497 1466 1641 1522 pour
1666 1448 1742 1506 42
1766 1450 1934 1506 livres
1962 1450 2160 1522 parisis
2188 1450 2229 1505 ¹.

819 1589 999 1663 (Orig.
1031 1606 1077 1645 s.
1114 1590 1309 1661 purch.
1339 1587 1511 1645 Arch.
1546 1587 1621 1644 du
1653 1587 1861 1658 Laii-et,
1896 1588 1964 1645 G.
1993 1587 2145 1656 268.)

440 1773 775 1847 Universis
855 1787 1192 1867 presentes
1256 1774 1499 1845 litteras
1584 1773 1981 1866 inspecturis
2067 1771 2358 1844 officialis
2432 1772 2613 1845 curie

345 1887 840 1960 Aurelianensis
879 1891 1153 1960 salutem
1194 1887 1259 1957 in
1316 1888 1615 1958 Domino.
1669 1884 1983 1958 Noveritis
2036 1888 2207 1977 quod
2258 1885 2322 1957 in
2386 1902 2602 1959 nostra

347 2002 685 2094 presentia
722 2000 1058 2076 constituti
1101 2001 1485 2074 Guillermus
1523 1999 1735 2072 dictus
1777 2003 1835 2072 le
1879 1998 2065 2071 Ballif
2129 2014 2194 2072 et
2237 2001 2604 2086 petronilla,
2714 2051 2716 2054 <
2838 2100 2849 2111 .

342 2117 496 2207 ejus
539 2139 722 2205 uxor,
759 2118 1184 2188 vendiderunt
1221 2130 1286 2187 et
1339 2116 1524 2186 titulo
1565 2136 1722 2206 pure
1771 2127 1838 2186 et
1886 2116 2171 2206 perfecte
2224 2114 2615 2188 venditionis

343 2229 414 2301 in
469 2244 857 2322 perpetuum
911 2230 1318 2322 quitaverunt
1363 2228 1725 2322 spontanei,
1782 2251 1912 2299 nou
1946 2227 2151 2300 coacti
2204 2243 2267 2300 et
2322 2229 2608 2321 penitus,

348 2358 830 2416 concesseruut
875 2343 1226 2436 capellanis
1275 2345 1553 2416 ecclesie
1599 2347 1833 2414 Sancte
1875 2341 2098 2415 Crucis
2135 2343 2612 2416 Aurelianensis

346 2474 414 2530 et
456 2482 689 2531 eorum
729 2457 1222 2532 successoribus
1281 2459 1623 2548 quamdam
1687 2459 1950 2527 domum
2022 2479 2168 2527 cum
2211 2457 2620 2548 pertinentiis

347 2571 550 2644 sitam
582 2571 647 2643 in
679 2571 819 2643 vico
858 2571 964 2662 qui
1001 2570 1233 2642 dicitur
1253 2573 1436 2641 vicus
1463 2569 1719 2656 Malleti,
1754 2572 1930 2661 juxta
1970 2571 2232 2640 domum
2262 2571 2621 2643 elemosine

350 2684 865 2771 Aurelianensis,
920 2708 996 2757 ex
1056 2709 1179 2756 una
1239 2699 1442 2775 parte,
1502 2698 1568 2755 et
1608 2687 1871 2755 domum
1926 2683 2081 2755 dicti
2127 2687 2506 2772 Painchaut,
2545 2709 2621 2759 ex

351 2804 586 2885 altera,
624 2799 688 2871 in
719 2800 977 2872 censiva
1006 2802 1317 2871 heredum
1340 2797 1629 2869 detuncti
1670 2800 1992 2868 Guillelmi
2020 2800 2098 2869 de
2135 2798 2443 2882 Fossatis,
2477 2822 2622 2892 pre-

354 2913 459 2986 cio
490 2914 915 3006 quadraginta
966 2917 1234 2984 duarum
1284 2912 1590 2983 librarum
1631 2911 2113 3003 parisiensium,
2157 2915 2237 2984 de
2272 2915 2508 3003 quibus
2549 2937 2619 2986 se

356 3043 713 3100 tenuerunt
750 3026 902 3098 dicti
951 3027 1320 3098 venditores
1380 3049 1495 3117 pro
1547 3025 1818 3118 pagatis,
1874 3026 2171 3099 videlicet
2226 3028 2307 3098 de
2356 3026 2618 3119 triginta

357 3145 618 3214 duabus
644 3142 827 3212 libris
874 3139 1326 3232 parisiensium
1365 3142 1431 3211 in
1470 3139 1740 3232 pecunia
1774 3154 2129 3224 numerata,
2176 3140 2238 3211 in
2277 3140 2617 3213 utilitatem

358 3256 685 3329 dictorum
722 3254 1125 3327 venditorum
1163 3277 1501 3337 conversa,
1541 3267 1606 3325 et
1654 3258 1881 3325 decem
1934 3256 2136 3326 libras
2168 3254 2618 3347 parisiensium

358 3373 658 3443 residuas
702 3369 1105 3441 retinuerunt
1158 3368 1308 3440 dicti
1348 3370 1657 3460 capellani
1711 3370 1793 3440 de
1848 3372 2172 3441 voluntate
2229 3384 2294 3441 et
2342 3394 2617 3443 assensu

360 3485 688 3557 dictorum
731 3483 1161 3567 venditorum,
1213 3482 1274 3552 in
1312 3482 1550 3576 quibus
1591 3482 1747 3553 dicti
1779 3483 2144 3554 venditores
2183 3482 2374 3556 dictis
2404 3490 2618 3577 capel-

360 3600 532 3670 lanis
568 3601 954 3670 tenebantur
988 3621 1103 3688 pro
1142 3595 1582 3668 anniversario
1623 3596 1846 3667 matris
1870 3595 2020 3668 dicti
2051 3597 2369 3669 Guillelmi
2409 3612 2470 3670 et
2498 3623 2617 3671 suo

359 3728 680 3806 perpetuo
721 3711 1038 3796 iaciendo,
1083 3727 1272 3803 prout
1337 3712 1457 3782 hec
1506 3710 1660 3782 dicti
1713 3710 2085 3783 venditores
2139 3712 2426 3785 confessi
2465 3725 2619 3786 sunt

360 3850 587 3900 coram
650 3828 865 3913 nobis,
930 3826 1320 3918 exceptioni,
1383 3837 1554 3898 eto...
1638 3824 2121 3913 Promittentes‚
2181 3837 2354 3899 etc...
2415 3832 2617 3899 Immo

364 3946 827 4034 promiserunt,
899 3953 1074 4014 etc...
1138 3945 1207 4010 In
1275 3943 1458 4032 cujus
1534 3939 1625 4012 rei
1693 3940 2132 4012 testimonium
2209 3941 2617 4033 presentibus

361 4056 598 4129 litteris
655 4055 933 4148 sigillum
984 4055 1158 4127 curie
1214 4055 1691 4126 Aurelianensis
1757 4055 2055 4126 duximus
2094 4048 2612 4148 apponendum.

361 4173 602 4242 Datum
631 4194 800 4242 anno
841 4170 1097 4241 Domini
1137 4170 1481 4241 millesimo
1511 4168 1960 4242 ducentesimo
1990 4170 2388 4262 octogesimo
2414 4194 2614 4257 nono,

364 4284 467 4357 die
501 4289 659 4356 lune
686 4301 836 4357 ante
873 4289 1108 4356 testum
1152 4283 1455 4356 Omnium
1485 4289 1888 4357 Sanctorum.
2110 4290 2183 4359 G.
2219 4289 2432 4356 Goion.

437 4598 456 4633 ¹
496 4601 758 4656 Derriere
798 4603 885 4655 est
926 4600 1100 4656 ecrit:
1152 4619 1182 4654 «
1224 4601 1412 4656 Lettre
1443 4601 1511 4656 de
1560 4602 1613 4656 la
1644 4601 1862 4657 maison
1893 4601 1963 4656 de
2005 4602 2060 4657 la
2089 4617 2192 4657 rue
2230 4601 2301 4656 de
2329 4601 2616 4658 Mailliers.

369 4689 691 4747 saint-Pete
715 4706 787 4745 en
816 4690 1113 4748 Santellee.
1154 4708 1184 4744 »

584 4815 725 4868 unu.
769 4826 898 4868 xxx.
2340 4814 2404 4870 31
