3485 5571
1439 689 1756 751 -91-

470 817 643 906 regni
685 820 1113 908 gubernacula
1154 820 1232 888 ad
1275 820 1398 888 boc
1437 815 1698 907 regibus
1729 817 2074 890 commisso
2119 830 2294 900 sunt,
2328 832 2396 889 ut
2436 816 2710 908 primum

471 936 632 1003 bene
681 955 752 1004 se
790 946 1038 1023 regant,
1100 934 1335 1003 deinde
1401 930 1700 1023 legalium
1776 956 1850 1004 ac
1907 932 2212 1024 regalium
2266 936 2711 1004 mandatorum

468 1060 948 1136 contemptores
987 1046 1193 1115 ultore
1220 1043 1431 1134 gladio
1464 1044 1704 1136 potenti
1738 1042 1970 1116 virtute
2010 1044 2404 1137 percucient,
2448 1050 2714 1136 utquod

469 1158 852 1250 pontificalis
916 1157 1262 1232 auctoritas
1338 1157 1510 1228 verbi
1588 1157 1787 1248 gratia
1838 1182 1963 1229 non
2009 1162 2313 1249 prevalet,
2384 1164 2506 1230 hoc
2543 1160 2711 1252 regia

468 1288 755 1363 potestas
776 1271 1153 1362 corrigendo
1176 1271 1641 1342 subministret.
1667 1275 2084 1343 Postmodum
2106 1287 2316 1344 autem
2341 1277 2712 1346 eorumdem

467 1387 845 1458 multimoda
887 1385 1118 1478 pietate
1158 1408 1377 1476 regum
1413 1388 1802 1458 orthodoxe¹
1849 1385 2176 1474 religionis
2215 1390 2495 1459 cultores
2538 1387 2717 1460 beni-

467 1500 678 1591 gniter
715 1501 1091 1572 consolandi
1142 1513 1316 1602 sunt,
1351 1518 1415 1570 et
1454 1523 1488 1570 a
1529 1501 1801 1571 seculari
1855 1499 2184 1574 exactione
2241 1501 2498 1591 penitus
2558 1500 2717 1574 libe.-

467 1615 676 1697 randi‚
725 1631 793 1687 ut
850 1616 929 1687 ad
983 1614 1339 1686 orationum
1406 1613 1814 1698 instanciam,
1868 1637 1983 1705 pro
2028 1637 2186 1706 pace
2243 1628 2309 1686 et
2373 1615 2716 1692 stabilitate

468 1727 719 1820 imperii
799 1727 1131 1800 christiani
1199 1729 1412 1798 devoti
1475 1730 1849 1811 reddantur,
1922 1741 1985 1799 et
2049 1731 2129 1798 ab
2206 1728 2714 1802 adversariorum

471 1839 790 1916 tirannide
830 1839 1026 1931 quieti
1071 1854 1521 1932 permanentes
1559 1853 1625 1912 et
1662 1840 1871 1916 securi
1904 1839 2178 1914 Domino
2208 1846 2343 1916 Deo
2374 1865 2522 1916 cum
2552 1865 2716 1934 gau-

468 1954 576 2026 dio
615 1968 926 2046 perpetuo
969 1957 1376 2028 famulentur.

561 2067 808 2154 Quibus
861 2067 1218 2142 divinorum
1250 2068 1636 2140 testimoniis
1675 2072 2083 2141 decretorum
2149 2093 2269 2174 ego
2328 2071 2713 2153 LudovicuS‚

466 2180 584 2252 Dei
630 2184 834 2272 gratia
873 2187 1256 2254 Francorum
1314 2206 1446 2267 rex,
1500 2183 1964 2274 aliquantulum
2016 2183 2329 2267 eruditu&
2380 2184 2577 2255 immo
2636 2187 2715 2255 de

466 2296 801 2367 beneficiis
853 2296 1273 2368 ecclesiarum
1320 2296 1505 2368 nobis
1553 2299 1629 2367 ad
1687 2303 1994 2368 tuendum
2061 2297 2432 2369 commissis
2505 2298 2717 2368 minus

468 2432 660 2500 quam
702 2412 960 2481 deceret
993 2425 1318 2497 metuenS,
1355 2411 1619 2501 dignum
1661 2427 1726 2482 et
1765 2411 1918 2482 utile
1958 2412 2254 2482 ducimus
2293 2427 2363 2482 ut
2399 2411 2715 2482 universis
2791 2468 2799 2477 .

469 2539 693 2594 sancte
723 2523 945 2594 matris
978 2525 1254 2596 ecclesie
1295 2527 1649 2597 cultoribus
1680 2539 1807 2595 tam
1852 2525 2124 2617 posteris
2155 2550 2345 2616 quam
2376 2540 2439 2597 et
2471 2527 2716 2596 instan-
2759 2589 2762 2592 .

469 2640 643 2711 tibus
684 2638 1059 2730 cyrographi
1136 2638 1443 2710 memoria
1484 2661 1930 2723 recensemus,
1991 2640 2136 2730 quia
2195 2640 2403 2711 tocius
2457 2644 2716 2730 querele

470 2751 926 2844 calumpniam,
971 2776 1159 2843 quam
1202 2756 1509 2825 adversus
1535 2753 1883 2825 canonicos
1924 2770 2145 2826 sancte
2208 2754 2429 2825 Crucis
2470 2753 2532 2823 in
2579 2754 2716 2825 dis-

470 2867 935 2938 membratione
970 2866 1235 2937 decanie
1273 2868 1560 2957 ejusdem
1599 2868 1875 2939 ecclesie
1918 2867 2069 2939 licet
2116 2868 2415 2939 inmerito
2439 2873 2721 2959 calump-

470 2980 830 3063 niabamur‚
861 2980 1311 3073 perpetualiter
1339 2981 1619 3070 quietam
1653 2980 2039 3067 dimisimuS,
2062 2998 2147 3066 et,
2170 2985 2710 3073 quemadmodum

473 3094 538 3165 in
581 3108 886 3188 precepto
928 3094 1122 3187 patris
1160 3094 1358 3173 nostri
1391 3094 1585 3167 donni
1621 3095 1891 3187 Philippi
1927 3095 2101 3187 regis
2140 3120 2214 3167 ex
2238 3100 2473 3171 oblatis
2495 3119 2718 3167 eorum

477 3209 786 3300 scriptum
828 3211 1121 3294 habetur,
1166 3208 1248 3291 ita
1288 3211 1550 3283 easdem
1576 3211 1821 3285 oblatas
1850 3210 2106 3300 prefatis
2146 3209 2473 3283 canonicis
2511 3211 2717 3281 modis

472 3321 778 3392 omnibus
854 3321 1278 3413 possidendas
1330 3321 1781 3393 concessimus
1819 3338 1884 3394 et
1915 3326 2264 3395 habendas.

569 3441 861 3507 Preterea
896 3435 1218 3508 universis
1257 3434 1321 3505 in
1360 3458 1560 3527 regno
1601 3451 1824 3509 nostro
1864 3437 2352 3509 successoribus
2376 3451 2439 3508 et
2470 3438 2721 3510 beredi-

475 3553 597 3620 bus
627 3548 866 3620 nostris
903 3562 1125 3620 notum
1171 3550 1303 3621 fieri
1332 3554 1629 3623 volumus
1668 3574 1742 3621 nc
1773 3564 2016 3622 certum
2046 3552 2263 3622 haberi
2305 3554 2451 3641 quia
2495 3555 2714 3623 domo-

474 3687 615 3733 rum
659 3662 1159 3747 edificationem,
1227 3689 1412 3755 quam
1457 3689 1652 3756 super
1690 3689 1909 3735 muros
1947 3664 2221 3736 civitatis
2261 3680 2475 3737 nostre
2522 3672 2718 3738 Aure-

474 3776 788 3848 lianensis
845 3781 1086 3868 absque
1152 3802 1424 3850 assensu
1497 3792 1719 3849 nostro
1772 3780 1906 3849 fieri
1949 3778 2560 3870 calumpniabamur‚
2614 3780 2718 3851 di-

475 3904 702 3961 centes
739 3913 869 3961 non
914 3890 1131 3974 licere,
1162 3891 1520 3962 interventu
1558 3906 1623 3962 et
1660 3891 1948 3962 oratione
1974 3894 2390 3981 quorumdam
2435 3892 2717 3964 fidelium

478 4017 872 4090 nostrorum,
917 4002 1115 4074 immo
1149 4006 1607 4075 canonicorum
1650 4007 1998 4097 peticione,
2043 4003 2107 4075 in
2153 4004 2472 4076 universis
2513 4007 2721 4077 domi-

479 4120 601 4186 bus
641 4116 806 4189 infra
846 4121 1201 4188 claustrum
1242 4132 1464 4189 sancte
1505 4122 1730 4189 Crucis
1770 4117 2149 4210 compositis
2186 4134 2377 4208 atque
2413 4122 2477 4188 in
2509 4133 2721 4210 poste-

481 4254 623 4301 rum
667 4230 1153 4321 componendis,
1192 4245 1318 4301 tam
1358 4231 1536 4302 laicis
1557 4256 1745 4322 quam
1788 4231 2062 4313 clericis,
2092 4245 2153 4302 et
2182 4233 2353 4323 ligno
2391 4246 2455 4303 et
2484 4232 2715 4324 lapide,

483 4344 790 4436 deinceps
820 4344 1138 4431 edificare,
1186 4357 1372 4434 prout
1414 4348 1760 4435 unicuique
1817 4344 2146 4436 placuerit,
2198 4359 2408 4436 preter
2473 4360 2717 4441 poster-

550 4706 569 4741 ¹
611 4724 640 4761 e
660 4705 792 4761 final
822 4706 1020 4762 cedille
1039 4706 1179 4762 dans
1207 4711 1328 4762 tout
1357 4707 1534 4762 l'acte.
