<?xml version="1.0" encoding="UTF-8"?>
<!DOCTYPE html PUBLIC "-//W3C//DTD XHTML 1.0 Transitional//EN"
    "http://www.w3.org/TR/xhtml1/DTD/xhtml1-transitional.dtd">
<html xmlns="http://www.w3.org/1999/xhtml" xml:lang="en" lang="en">
 <head>
  <title>
</title>
<meta http-equiv="Content-Type" content="text/html;charset=utf-8" />
  <meta name='ocr-system' content='tesseract 3.04.00' />
  <meta name='ocr-capabilities' content='ocr_page ocr_carea ocr_par ocr_line ocrx_word'/>
</head>
<body>
  <div class='ocr_page' id='page_1' title='image "./cartulairedesai00thilgoog_0478.png"; bbox 0 0 3485 5571; ppageno 0'>
   <div class='ocr_carea' id='block_1_1' title="bbox 1809 652 2162 718">
    <p class='ocr_par' dir='ltr' id='par_1_1' title="bbox 1809 652 2162 718">
     <span class='ocr_line' id='line_1_1' title="bbox 1809 652 2162 718; baseline 0.003 -18"><span class='ocrx_word' id='word_1_1' title='bbox 1809 652 2162 718; x_wconf 74' lang='lat'>...293-</span> 
     </span>
    </p>
   </div>
   <div class='ocr_carea' id='block_1_2' title="bbox 854 780 3074 1673">
    <p class='ocr_par' dir='ltr' id='par_1_2' title="bbox 854 780 3074 1673">
     <span class='ocr_line' id='line_1_2' title="bbox 860 780 3066 875; baseline 0 -23"><span class='ocrx_word' id='word_1_2' title='bbox 860 781 1081 853; x_wconf 87' lang='lat' dir='ltr'><strong>nensis</strong></span> <span class='ocrx_word' id='word_1_3' title='bbox 1105 783 1350 874; x_wconf 81' lang='lat' dir='ltr'>integre</span> <span class='ocrx_word' id='word_1_4' title='bbox 1386 780 1815 854; x_wconf 91' lang='lat' dir='ltr'><strong>vendiderunt</strong></span> <span class='ocrx_word' id='word_1_5' title='bbox 1849 782 2063 873; x_wconf 89' lang='lat' dir='ltr'><strong>quiete</strong></span> <span class='ocrx_word' id='word_1_6' title='bbox 2090 796 2155 854; x_wconf 91' lang='lat' dir='ltr'><strong>et</strong></span> <span class='ocrx_word' id='word_1_7' title='bbox 2184 781 2385 855; x_wconf 90' lang='lat' dir='ltr'><strong>libere</strong></span> <span class='ocrx_word' id='word_1_8' title='bbox 2423 785 2490 854; x_wconf 92' lang='lat' dir='ltr'><strong>in</strong></span> <span class='ocrx_word' id='word_1_9' title='bbox 2541 797 2908 875; x_wconf 89' lang='lat' dir='ltr'><strong>perpetuum</strong></span> <span class='ocrx_word' id='word_1_10' title='bbox 2943 805 3066 873; x_wconf 88' lang='lat' dir='ltr'><strong>pos-</strong></span> 
     </span>
     <span class='ocr_line' id='line_1_3' title="bbox 860 895 3060 988; baseline -0.001 -20"><span class='ocrx_word' id='word_1_11' title='bbox 860 895 1219 969; x_wconf 87' lang='lat' dir='ltr'><strong>sidendam.</strong></span> <span class='ocrx_word' id='word_1_12' title='bbox 1262 900 1391 988; x_wconf 79' lang='lat' dir='ltr'><strong>Ego</strong></span> <span class='ocrx_word' id='word_1_13' title='bbox 1422 897 1650 984; x_wconf 87' lang='lat' dir='ltr'><strong>eciam,</strong></span> <span class='ocrx_word' id='word_1_14' title='bbox 1677 898 1758 967; x_wconf 92' lang='lat' dir='ltr'><strong>de</strong></span> <span class='ocrx_word' id='word_1_15' title='bbox 1797 899 1981 988; x_wconf 86' lang='lat' dir='ltr'><strong>cujus</strong></span> <span class='ocrx_word' id='word_1_16' title='bbox 2026 900 2214 969; x_wconf 82' lang='lat' dir='ltr'><strong>feodo</strong></span> <span class='ocrx_word' id='word_1_17' title='bbox 2241 899 2640 982; x_wconf 87' lang='lat' dir='ltr'><strong>movebatur,</strong></span> <span class='ocrx_word' id='word_1_18' title='bbox 2661 899 2827 968; x_wconf 87' lang='lat' dir='ltr'><strong>sicut</strong></span> <span class='ocrx_word' id='word_1_19' title='bbox 2856 896 3060 968; x_wconf 85' lang='lat' dir='ltr'><strong>dictum</strong></span> 
     </span>
     <span class='ocr_line' id='line_1_4' title="bbox 856 1008 3067 1103; baseline 0 -21"><span class='ocrx_word' id='word_1_20' title='bbox 856 1025 981 1094; x_wconf 90' lang='lat' dir='ltr'><strong>est,</strong></span> <span class='ocrx_word' id='word_1_21' title='bbox 1012 1008 1262 1082; x_wconf 88' lang='lat' dir='ltr'><strong>decima</strong></span> <span class='ocrx_word' id='word_1_22' title='bbox 1297 1024 1673 1095; x_wconf 87' lang='lat' dir='ltr'><strong>memorata,</strong></span> <span class='ocrx_word' id='word_1_23' title='bbox 1714 1008 2150 1082; x_wconf 88' lang='lat' dir='ltr'><strong>venditionem</strong></span> <span class='ocrx_word' id='word_1_24' title='bbox 2201 1014 2496 1103; x_wconf 86' lang='lat' dir='ltr'><strong>ejusdem</strong></span> <span class='ocrx_word' id='word_1_25' title='bbox 2554 1014 2807 1085; x_wconf 81' lang='lat' dir='ltr'><strong>decime</strong></span> <span class='ocrx_word' id='word_1_26' title='bbox 2857 1034 2888 1081; x_wconf 92' lang='lat' dir='ltr'><strong>a</strong></span> <span class='ocrx_word' id='word_1_27' title='bbox 2946 1033 3067 1102; x_wconf 88' lang='lat' dir='ltr'><strong>pre·</strong></span> 
     </span>
     <span class='ocr_line' id='line_1_5' title="bbox 858 1122 3069 1216; baseline -0.001 -21"><span class='ocrx_word' id='word_1_28' title='bbox 858 1124 1083 1195; x_wconf 83' lang='lat' dir='ltr'><strong>taxatis</strong></span> <span class='ocrx_word' id='word_1_29' title='bbox 1122 1127 1399 1195; x_wconf 87' lang='lat' dir='ltr'><strong>Roberto</strong></span> <span class='ocrx_word' id='word_1_30' title='bbox 1436 1138 1498 1196; x_wconf 92' lang='lat' dir='ltr'><strong>et</strong></span> <span class='ocrx_word' id='word_1_31' title='bbox 1536 1123 1821 1196; x_wconf 87' lang='lat' dir='ltr'><strong>Emelina</strong></span> <span class='ocrx_word' id='word_1_32' title='bbox 1850 1127 2079 1195; x_wconf 79' lang='lat' dir='ltr'><strong>factam</strong></span> <span class='ocrx_word' id='word_1_33' title='bbox 2104 1125 2382 1196; x_wconf 80' lang='lat' dir='ltr'><strong>ecclesie</strong></span> <span class='ocrx_word' id='word_1_34' title='bbox 2410 1123 2740 1196; x_wconf 83' lang='lat' dir='ltr'><strong>nominate</strong></span> <span class='ocrx_word' id='word_1_35' title='bbox 2766 1122 3069 1216; x_wconf 79' lang='lat' dir='ltr'>approbavi</span> 
     </span>
     <span class='ocr_line' id='line_1_6' title="bbox 856 1236 3072 1330; baseline -0.001 -20"><span class='ocrx_word' id='word_1_36' title='bbox 856 1251 919 1310; x_wconf 91' lang='lat' dir='ltr'><strong>et</strong></span> <span class='ocrx_word' id='word_1_37' title='bbox 957 1237 1128 1309; x_wconf 87' lang='lat' dir='ltr'><strong>volui</strong></span> <span class='ocrx_word' id='word_1_38' title='bbox 1155 1252 1219 1310; x_wconf 88' lang='lat' dir='ltr'><strong>et</strong></span> <span class='ocrx_word' id='word_1_39' title='bbox 1255 1261 1396 1310; x_wconf 93' lang='lat' dir='ltr'><strong>eam</strong></span> <span class='ocrx_word' id='word_1_40' title='bbox 1436 1236 1728 1310; x_wconf 87' lang='lat' dir='ltr'><strong>concessi</strong></span> <span class='ocrx_word' id='word_1_41' title='bbox 1761 1241 2006 1309; x_wconf 87' lang='lat' dir='ltr'><strong>firmam</strong></span> <span class='ocrx_word' id='word_1_42' title='bbox 2046 1251 2112 1309; x_wconf 90' lang='lat' dir='ltr'><strong>et</strong></span> <span class='ocrx_word' id='word_1_43' title='bbox 2160 1238 2457 1310; x_wconf 85' lang='lat' dir='ltr'><strong>stabilem</strong></span> <span class='ocrx_word' id='word_1_44' title='bbox 2515 1253 2823 1330; x_wconf 88' lang='lat' dir='ltr'><strong>perpetuo</strong></span> <span class='ocrx_word' id='word_1_45' title='bbox 2862 1260 3072 1330; x_wconf 88' lang='lat' dir='ltr'><strong>perma-</strong></span> 
     </span>
     <span class='ocr_line' id='line_1_7' title="bbox 856 1350 3072 1444; baseline -0.001 -22"><span class='ocrx_word' id='word_1_46' title='bbox 856 1375 1033 1424; x_wconf 88' lang='lat' dir='ltr'><strong>nere.</strong></span> <span class='ocrx_word' id='word_1_47' title='bbox 1080 1355 1265 1439; x_wconf 88' lang='lat' dir='ltr'><strong>Quod</strong></span> <span class='ocrx_word' id='word_1_48' title='bbox 1300 1366 1373 1423; x_wconf 90' lang='lat' dir='ltr'><strong>ut</strong></span> <span class='ocrx_word' id='word_1_49' title='bbox 1410 1366 1617 1423; x_wconf 89' lang='lat' dir='ltr'><strong>ratum</strong></span> <span class='ocrx_word' id='word_1_50' title='bbox 1637 1366 1702 1423; x_wconf 94' lang='lat' dir='ltr'><strong>et</strong></span> <span class='ocrx_word' id='word_1_51' title='bbox 1733 1366 1957 1424; x_wconf 92' lang='lat' dir='ltr'><strong>notum</strong></span> <span class='ocrx_word' id='word_1_52' title='bbox 1996 1355 2327 1437; x_wconf 89' lang='lat' dir='ltr'><strong>habeatur,</strong></span> <span class='ocrx_word' id='word_1_53' title='bbox 2364 1367 2698 1444; x_wconf 77' lang='lat' dir='ltr'><strong>presentes</strong></span> <span class='ocrx_word' id='word_1_54' title='bbox 2722 1352 2954 1423; x_wconf 89' lang='lat' dir='ltr'><strong>litteras</strong></span> <span class='ocrx_word' id='word_1_55' title='bbox 2972 1350 3072 1422; x_wconf 86' lang='lat' dir='ltr'><strong>leci</strong></span> 
     </span>
     <span class='ocr_line' id='line_1_8' title="bbox 854 1464 3074 1557; baseline -0.001 -20"><span class='ocrx_word' id='word_1_56' title='bbox 854 1465 1046 1557; x_wconf 84' lang='lat' dir='ltr'><strong>sigilli</strong></span> <span class='ocrx_word' id='word_1_57' title='bbox 1083 1465 1206 1537; x_wconf 89' lang='lat' dir='ltr'><strong>mei</strong></span> <span class='ocrx_word' id='word_1_58' title='bbox 1238 1479 1557 1538; x_wconf 76' lang='lat' dir='ltr'><strong>caractere</strong></span> <span class='ocrx_word' id='word_1_59' title='bbox 1596 1466 1984 1538; x_wconf 84' lang='lat' dir='ltr'><strong>confirmari.</strong></span> <span class='ocrx_word' id='word_1_60' title='bbox 2017 1471 2248 1538; x_wconf 89' lang='lat' dir='ltr'><strong>Datum</strong></span> <span class='ocrx_word' id='word_1_61' title='bbox 2279 1490 2447 1538; x_wconf 91' lang='lat' dir='ltr'><strong>anno</strong></span> <span class='ocrx_word' id='word_1_62' title='bbox 2473 1466 2735 1539; x_wconf 87' lang='lat' dir='ltr'><strong>Domini</strong></span> <span class='ocrx_word' id='word_1_63' title='bbox 2765 1464 3074 1537; x_wconf 89' lang='lat' dir='ltr'><strong>millesimo</strong></span> 
     </span>
     <span class='ocr_line' id='line_1_9' title="bbox 854 1577 2455 1673; baseline -0.001 -22"><span class='ocrx_word' id='word_1_64' title='bbox 854 1577 1300 1653; x_wconf 89' lang='lat' dir='ltr'><strong>ducentesimo</strong></span> <span class='ocrx_word' id='word_1_65' title='bbox 1331 1579 1642 1672; x_wconf 82' lang='lat' dir='ltr'><strong>vigesimo</strong></span> <span class='ocrx_word' id='word_1_66' title='bbox 1680 1579 1937 1671; x_wconf 89' lang='lat' dir='ltr'><strong>quinto,</strong></span> <span class='ocrx_word' id='word_1_67' title='bbox 1982 1604 2205 1653; x_wconf 91' lang='lat' dir='ltr'><strong>mense</strong></span> <span class='ocrx_word' id='word_1_68' title='bbox 2243 1604 2455 1673; x_wconf 82' lang='lat' dir='ltr'><strong>mayo.</strong></span> 
     </span>
    </p>
   </div>
   <div class='ocr_carea' id='block_1_3' title="bbox 1876 1967 2056 2030">
    <p class='ocr_par' dir='ltr' id='par_1_3' title="bbox 1876 1967 2056 2030">
     <span class='ocr_line' id='line_1_10' title="bbox 1876 1967 2056 2030; baseline -0.011 0"><span class='ocrx_word' id='word_1_69' title='bbox 1876 1967 2056 2030; x_wconf 85' lang='lat' dir='ltr'><strong>cclx</strong></span> 
     </span>
    </p>
   </div>
   <div class='ocr_carea' id='block_1_4' title="bbox 1813 2268 2166 2333">
    <p class='ocr_par' dir='ltr' id='par_1_4' title="bbox 1813 2268 2166 2333">
     <span class='ocr_line' id='line_1_11' title="bbox 1813 2268 2166 2333; baseline 0.006 -2"><span class='ocrx_word' id='word_1_70' title='bbox 1813 2271 1964 2333; x_wconf 79' lang='lat' dir='ltr'><strong>suin</strong></span> <span class='ocrx_word' id='word_1_71' title='bbox 2007 2268 2166 2333; x_wconf 71' lang='lat'><strong>1225</strong></span> 
     </span>
    </p>
   </div>
   <div class='ocr_carea' id='block_1_5' title="bbox 851 2497 3072 2762">
    <p class='ocr_par' dir='ltr' id='par_1_5' title="bbox 851 2497 3072 2762">
     <span class='ocr_line' id='line_1_12' title="bbox 851 2497 3072 2568; baseline -0.002 -14"><span class='ocrx_word' id='word_1_72' title='bbox 851 2498 1169 2555; x_wconf 84' lang='lat' dir='ltr'><strong>Guillaume</strong></span> <span class='ocrx_word' id='word_1_73' title='bbox 1196 2499 1432 2565; x_wconf 84' lang='lat' dir='ltr'><strong>Ducoin,</strong></span> <span class='ocrx_word' id='word_1_74' title='bbox 1459 2498 1818 2568; x_wconf 84' lang='lat' dir='ltr'><strong>cordonnier,</strong></span> <span class='ocrx_word' id='word_1_75' title='bbox 1852 2498 1995 2554; x_wconf 85' lang='lat' dir='ltr'><strong>vend</strong></span> <span class='ocrx_word' id='word_1_76' title='bbox 2023 2516 2086 2554; x_wconf 83' lang='lat' dir='ltr'><strong>sa</strong></span> <span class='ocrx_word' id='word_1_77' title='bbox 2115 2499 2331 2555; x_wconf 85' lang='lat' dir='ltr'><strong>maison</strong></span> <span class='ocrx_word' id='word_1_78' title='bbox 2360 2499 2437 2554; x_wconf 86' lang='lat' dir='ltr'><strong>du</strong></span> <span class='ocrx_word' id='word_1_79' title='bbox 2466 2500 2661 2555; x_wconf 80' lang='lat' dir='ltr'><strong>cloltre</strong></span> <span class='ocrx_word' id='word_1_80' title='bbox 2691 2497 3072 2556; x_wconf 75' lang='lat' dir='ltr'><strong>saint-Pierre·</strong></span> 
     </span>
     <span class='ocr_line' id='line_1_13' title="bbox 919 2592 3071 2667; baseline -0 -21"><span class='ocrx_word' id='word_1_81' title='bbox 919 2593 1245 2650; x_wconf 85' lang='lat' dir='ltr'><strong>le·Puellier</strong></span> <span class='ocrx_word' id='word_1_82' title='bbox 1273 2611 1344 2649; x_wconf 85' lang='lat' dir='ltr'><strong>au</strong></span> <span class='ocrx_word' id='word_1_83' title='bbox 1370 2595 1643 2650; x_wconf 89' lang='lat' dir='ltr'><strong>chanoine</strong></span> <span class='ocrx_word' id='word_1_84' title='bbox 1669 2596 1849 2651; x_wconf 86' lang='lat' dir='ltr'><strong>Lucas</strong></span> <span class='ocrx_word' id='word_1_85' title='bbox 1878 2612 2023 2667; x_wconf 89' lang='lat' dir='ltr'><strong>pour</strong></span> <span class='ocrx_word' id='word_1_86' title='bbox 2050 2595 2132 2649; x_wconf 87' lang='lat' dir='ltr'><strong>les</strong></span> <span class='ocrx_word' id='word_1_87' title='bbox 2179 2594 2471 2651; x_wconf 86' lang='lat' dir='ltr'><strong>nourriers</strong></span> <span class='ocrx_word' id='word_1_88' title='bbox 2500 2595 2569 2649; x_wconf 92' lang='lat' dir='ltr'><strong>de</strong></span> <span class='ocrx_word' id='word_1_89' title='bbox 2613 2592 2984 2650; x_wconf 82' lang='lat' dir='ltr'><strong>Sainte-Croix</strong></span> <span class='ocrx_word' id='word_1_90' title='bbox 3008 2605 3071 2645; x_wconf 84' lang='lat' dir='ltr'><strong>au</strong></span> 
     </span>
     <span class='ocr_line' id='line_1_14' title="bbox 920 2689 1679 2762; baseline 0.003 -18"><span class='ocrx_word' id='word_1_91' title='bbox 920 2689 1040 2761; x_wconf 83' lang='lat' dir='ltr'><strong>prix</strong></span> <span class='ocrx_word' id='word_1_92' title='bbox 1070 2693 1138 2745; x_wconf 87' lang='lat' dir='ltr'><strong>de</strong></span> <span class='ocrx_word' id='word_1_93' title='bbox 1166 2690 1237 2747; x_wconf 88' lang='grc'><strong>12</strong></span> <span class='ocrx_word' id='word_1_94' title='bbox 1266 2690 1433 2746; x_wconf 88' lang='lat' dir='ltr'><strong>livres</strong></span> <span class='ocrx_word' id='word_1_95' title='bbox 1459 2690 1679 2762; x_wconf 76' lang='lat' dir='ltr'><strong>parisis,</strong></span> 
     </span>
    </p>
   </div>
   <div class='ocr_carea' id='block_1_6' title="bbox 1335 2836 2637 2910">
    <p class='ocr_par' dir='ltr' id='par_1_6' title="bbox 1335 2836 2637 2910">
     <span class='ocr_line' id='line_1_15' title="bbox 1335 2836 2637 2910; baseline 0.002 -18"><span class='ocrx_word' id='word_1_96' title='bbox 1335 2836 1512 2908; x_wconf 80' lang='lat' dir='ltr'><strong>(Orig.</strong></span> <span class='ocrx_word' id='word_1_97' title='bbox 1540 2855 1587 2892; x_wconf 85' lang='lat' dir='ltr'><strong>s.</strong></span> <span class='ocrx_word' id='word_1_98' title='bbox 1621 2838 1811 2910; x_wconf 82' lang='lat' dir='ltr'><strong>parch.</strong></span> <span class='ocrx_word' id='word_1_99' title='bbox 1840 2840 2012 2895; x_wconf 84' lang='lat' dir='ltr'><strong>Arch.</strong></span> <span class='ocrx_word' id='word_1_100' title='bbox 2042 2838 2117 2894; x_wconf 83' lang='lat' dir='ltr'><strong>du</strong></span> <span class='ocrx_word' id='word_1_101' title='bbox 2143 2837 2352 2894; x_wconf 85' lang='lat' dir='ltr'><strong>Loiret.</strong></span> <span class='ocrx_word' id='word_1_102' title='bbox 2385 2836 2455 2892; x_wconf 88' lang='lat' dir='ltr'><strong>G.</strong></span> <span class='ocrx_word' id='word_1_103' title='bbox 2485 2836 2637 2906; x_wconf 70' lang='lat'><strong>268.)</strong></span> 
     </span>
    </p>
   </div>
   <div class='ocr_carea' id='block_1_7' title="bbox 840 3050 3078 4736">
    <p class='ocr_par' dir='ltr' id='par_1_7' title="bbox 840 3050 3078 4736">
     <span class='ocr_line' id='line_1_16' title="bbox 940 3050 3078 3146; baseline -0.002 -22"><span class='ocrx_word' id='word_1_104' title='bbox 940 3051 1261 3124; x_wconf 88' lang='lat' dir='ltr'><strong>Universis</strong></span> <span class='ocrx_word' id='word_1_105' title='bbox 1297 3068 1631 3145; x_wconf 79' lang='lat' dir='ltr'><strong>presentes</strong></span> <span class='ocrx_word' id='word_1_106' title='bbox 1667 3055 1914 3125; x_wconf 79' lang='lat' dir='ltr'><strong>litteras</strong></span> <span class='ocrx_word' id='word_1_107' title='bbox 1953 3054 2344 3146; x_wconf 85' lang='lat' dir='ltr'><strong>inspecturis</strong></span> <span class='ocrx_word' id='word_1_108' title='bbox 2392 3057 2710 3126; x_wconf 90' lang='lat' dir='ltr'><strong>Robertus</strong></span> <span class='ocrx_word' id='word_1_109' title='bbox 2751 3057 2832 3125; x_wconf 89' lang='lat' dir='ltr'><strong>de</strong></span> <span class='ocrx_word' id='word_1_110' title='bbox 2878 3050 3078 3124; x_wconf 70' lang='lat' dir='ltr'><strong>Marci-</strong></span> 
     </span>
     <span class='ocr_line' id='line_1_17' title="bbox 850 3163 3078 3258; baseline -0.002 -22"><span class='ocrx_word' id='word_1_111' title='bbox 850 3165 1033 3258; x_wconf 89' lang='lat' dir='ltr'><strong>liaco‚</strong></span> <span class='ocrx_word' id='word_1_112' title='bbox 1087 3167 1378 3238; x_wconf 84' lang='lat' dir='ltr'><strong>officialis</strong></span> <span class='ocrx_word' id='word_1_113' title='bbox 1435 3166 1942 3254; x_wconf 68' lang='lat' dir='ltr'><strong>Aurelianensis»,</strong></span> <span class='ocrx_word' id='word_1_114' title='bbox 2006 3173 2279 3241; x_wconf 89' lang='lat' dir='ltr'><strong>salutem</strong></span> <span class='ocrx_word' id='word_1_115' title='bbox 2333 3168 2395 3238; x_wconf 91' lang='lat' dir='ltr'><strong>in</strong></span> <span class='ocrx_word' id='word_1_116' title='bbox 2436 3167 2736 3239; x_wconf 90' lang='lat' dir='ltr'><strong>Domino.</strong></span> <span class='ocrx_word' id='word_1_117' title='bbox 2798 3163 3078 3240; x_wconf 90' lang='lat' dir='ltr'><strong>Noverint</strong></span> 
     </span>
     <span class='ocr_line' id='line_1_18' title="bbox 849 3281 3076 3371; baseline -0.001 -21"><span class='ocrx_word' id='word_1_118' title='bbox 849 3282 1129 3351; x_wconf 90' lang='lat' dir='ltr'><strong>universi</strong></span> <span class='ocrx_word' id='word_1_119' title='bbox 1167 3283 1335 3371; x_wconf 89' lang='lat' dir='ltr'><strong>quod</strong></span> <span class='ocrx_word' id='word_1_120' title='bbox 1371 3281 1755 3352; x_wconf 91' lang='lat' dir='ltr'><strong>Guillermus</strong></span> <span class='ocrx_word' id='word_1_121' title='bbox 1786 3284 1866 3353; x_wconf 90' lang='lat' dir='ltr'><strong>de</strong></span> <span class='ocrx_word' id='word_1_122' title='bbox 1908 3285 2154 3367; x_wconf 90' lang='lat' dir='ltr'><strong>Cuneo,</strong></span> <span class='ocrx_word' id='word_1_123' title='bbox 2196 3281 2726 3369; x_wconf 86' lang='lat' dir='ltr'><strong>cordubanarius,</strong></span> <span class='ocrx_word' id='word_1_124' title='bbox 2773 3282 2836 3352; x_wconf 90' lang='lat' dir='ltr'><strong>in</strong></span> <span class='ocrx_word' id='word_1_125' title='bbox 2877 3294 3076 3351; x_wconf 88' lang='lat' dir='ltr'><strong>nostra</strong></span> 
     </span>
     <span class='ocr_line' id='line_1_19' title="bbox 849 3392 3073 3487; baseline -0.001 -23"><span class='ocrx_word' id='word_1_126' title='bbox 849 3393 1169 3486; x_wconf 86' lang='lat' dir='ltr'><strong>presentia</strong></span> <span class='ocrx_word' id='word_1_127' title='bbox 1207 3395 1622 3480; x_wconf 89' lang='lat' dir='ltr'><strong>constitutus,</strong></span> <span class='ocrx_word' id='word_1_128' title='bbox 1667 3396 2040 3487; x_wconf 84' lang='lat' dir='ltr'><strong>recognovit</strong></span> <span class='ocrx_word' id='word_1_129' title='bbox 2078 3420 2148 3469; x_wconf 90' lang='lat' dir='ltr'><strong>se</strong></span> <span class='ocrx_word' id='word_1_130' title='bbox 2181 3396 2545 3469; x_wconf 90' lang='lat' dir='ltr'><strong>vendidisse</strong></span> <span class='ocrx_word' id='word_1_131' title='bbox 2578 3394 2919 3469; x_wconf 89' lang='lat' dir='ltr'><strong>venerabili</strong></span> <span class='ocrx_word' id='word_1_132' title='bbox 2955 3392 3073 3463; x_wconf 90' lang='lat' dir='ltr'><strong>viro</strong></span> 
     </span>
     <span class='ocr_line' id='line_1_20' title="bbox 845 3510 3076 3602; baseline -0.002 -22"><span class='ocrx_word' id='word_1_133' title='bbox 845 3513 1158 3601; x_wconf 84' lang='lat' dir='ltr'><strong>magistro</strong></span> <span class='ocrx_word' id='word_1_134' title='bbox 1198 3512 1389 3597; x_wconf 91' lang='lat' dir='ltr'><strong>Luce,</strong></span> <span class='ocrx_word' id='word_1_135' title='bbox 1424 3510 1734 3582; x_wconf 87' lang='lat' dir='ltr'><strong>canonico</strong></span> <span class='ocrx_word' id='word_1_136' title='bbox 1788 3511 2256 3594; x_wconf 82' lang='lat' dir='ltr'><strong>Aurelianensi,</strong></span> <span class='ocrx_word' id='word_1_137' title='bbox 2322 3514 2399 3581; x_wconf 89' lang='lat' dir='ltr'><strong>ad</strong></span> <span class='ocrx_word' id='word_1_138' title='bbox 2464 3534 2629 3602; x_wconf 91' lang='lat' dir='ltr'><strong>opus</strong></span> <span class='ocrx_word' id='word_1_139' title='bbox 2688 3510 3076 3581; x_wconf 86' lang='lat' dir='ltr'><strong>nutritiorum</strong></span> 
     </span>
     <span class='ocr_line' id='line_1_21' title="bbox 846 3624 3076 3716; baseline -0.001 -23"><span class='ocrx_word' id='word_1_140' title='bbox 846 3625 1138 3715; x_wconf 83' lang='lat' dir='ltr'><strong>ejusdem</strong></span> <span class='ocrx_word' id='word_1_141' title='bbox 1187 3627 1491 3709; x_wconf 87' lang='lat' dir='ltr'><strong>ecclesie,</strong></span> <span class='ocrx_word' id='word_1_142' title='bbox 1545 3648 1734 3695; x_wconf 92' lang='lat' dir='ltr'><strong>unam</strong></span> <span class='ocrx_word' id='word_1_143' title='bbox 1789 3630 2050 3696; x_wconf 89' lang='lat' dir='ltr'><strong>domum</strong></span> <span class='ocrx_word' id='word_1_144' title='bbox 2104 3648 2295 3716; x_wconf 88' lang='lat' dir='ltr'><strong>quam</strong></span> <span class='ocrx_word' id='word_1_145' title='bbox 2348 3627 2623 3696; x_wconf 90' lang='lat' dir='ltr'><strong>habebat</strong></span> <span class='ocrx_word' id='word_1_146' title='bbox 2681 3624 2744 3695; x_wconf 93' lang='lat' dir='ltr'><strong>in</strong></span> <span class='ocrx_word' id='word_1_147' title='bbox 2815 3627 3076 3696; x_wconf 87' lang='lat' dir='ltr'><strong>claustro</strong></span> 
     </span>
     <span class='ocr_line' id='line_1_22' title="bbox 846 3736 3069 3830; baseline -0.002 -22"><span class='ocrx_word' id='word_1_148' title='bbox 846 3740 1063 3809; x_wconf 86' lang='lat' dir='ltr'><strong>Sancti</strong></span> <span class='ocrx_word' id='word_1_149' title='bbox 1109 3738 1273 3809; x_wconf 89' lang='lat' dir='ltr'><strong>Petri</strong></span> <span class='ocrx_word' id='word_1_150' title='bbox 1320 3742 1707 3822; x_wconf 88' lang='lat' dir='ltr'><strong>Puellarum,</strong></span> <span class='ocrx_word' id='word_1_151' title='bbox 1784 3753 1930 3810; x_wconf 90' lang='lat' dir='ltr'><strong>ante</strong></span> <span class='ocrx_word' id='word_1_152' title='bbox 1992 3742 2256 3810; x_wconf 91' lang='lat' dir='ltr'><strong>domum</strong></span> <span class='ocrx_word' id='word_1_153' title='bbox 2316 3739 2600 3810; x_wconf 72' lang='lat' dir='ltr'><strong>defuncti</strong></span> <span class='ocrx_word' id='word_1_154' title='bbox 2643 3737 2946 3830; x_wconf 88' lang='lat' dir='ltr'><strong>Stephani</strong></span> <span class='ocrx_word' id='word_1_155' title='bbox 2998 3736 3069 3804; x_wconf 91' lang='lat' dir='ltr'><strong>de</strong></span> 
     </span>
     <span class='ocr_line' id='line_1_23' title="bbox 846 3846 3074 3942; baseline -0.002 -21"><span class='ocrx_word' id='word_1_156' title='bbox 846 3852 1092 3922; x_wconf 89' lang='lat' dir='ltr'><strong>Branlis</strong></span> <span class='ocrx_word' id='word_1_157' title='bbox 1123 3854 1189 3922; x_wconf 93' lang='lat' dir='ltr'><strong>in</strong></span> <span class='ocrx_word' id='word_1_158' title='bbox 1256 3851 1516 3923; x_wconf 86' lang='lat' dir='ltr'><strong>censiva</strong></span> <span class='ocrx_word' id='word_1_159' title='bbox 1568 3855 1746 3923; x_wconf 88' lang='lat' dir='ltr'><strong>Beati</strong></span> <span class='ocrx_word' id='word_1_160' title='bbox 1784 3850 2056 3924; x_wconf 90' lang='lat' dir='ltr'><strong>Dionisii</strong></span> <span class='ocrx_word' id='word_1_161' title='bbox 2105 3852 2320 3937; x_wconf 90' lang='lat' dir='ltr'><strong>sitam,</strong></span> <span class='ocrx_word' id='word_1_162' title='bbox 2384 3876 2496 3942; x_wconf 93' lang='lat' dir='ltr'><strong>pro</strong></span> <span class='ocrx_word' id='word_1_163' title='bbox 2535 3853 2878 3924; x_wconf 88' lang='lat' dir='ltr'><strong>duodecim</strong></span> <span class='ocrx_word' id='word_1_164' title='bbox 2912 3846 3074 3921; x_wconf 86' lang='lat' dir='ltr'><strong>libris</strong></span> 
     </span>
     <span class='ocr_line' id='line_1_24' title="bbox 846 3964 3075 4058; baseline -0.001 -23"><span class='ocrx_word' id='word_1_165' title='bbox 846 3964 1322 4057; x_wconf 78' lang='lat' dir='ltr'><strong>parisiensium,</strong></span> <span class='ocrx_word' id='word_1_166' title='bbox 1408 3968 1486 4038; x_wconf 92' lang='lat' dir='ltr'><strong>de</strong></span> <span class='ocrx_word' id='word_1_167' title='bbox 1565 3966 1800 4058; x_wconf 89' lang='lat' dir='ltr'><strong>quibus</strong></span> <span class='ocrx_word' id='word_1_168' title='bbox 1870 3969 2040 4039; x_wconf 89' lang='lat' dir='ltr'><strong>idem</strong></span> <span class='ocrx_word' id='word_1_169' title='bbox 2120 3965 2503 4037; x_wconf 82' lang='lat' dir='ltr'><strong>Guillermus</strong></span> <span class='ocrx_word' id='word_1_170' title='bbox 2572 3988 2644 4038; x_wconf 86' lang='lat' dir='ltr'><strong>se</strong></span> <span class='ocrx_word' id='word_1_171' title='bbox 2706 3967 2912 4038; x_wconf 91' lang='lat' dir='ltr'><strong>tenuit</strong></span> <span class='ocrx_word' id='word_1_172' title='bbox 2973 3985 3075 4056; x_wconf 93' lang='lat' dir='ltr'><strong>pro</strong></span> 
     </span>
     <span class='ocr_line' id='line_1_25' title="bbox 847 4079 3075 4172; baseline -0 -23"><span class='ocrx_word' id='word_1_173' title='bbox 847 4094 1100 4172; x_wconf 84' lang='lat' dir='ltr'><strong>pagato,</strong></span> <span class='ocrx_word' id='word_1_174' title='bbox 1143 4082 1265 4151; x_wconf 87' lang='lat' dir='ltr'><strong>fide</strong></span> <span class='ocrx_word' id='word_1_175' title='bbox 1293 4080 1497 4151; x_wconf 86' lang='lat' dir='ltr'><strong>media</strong></span> <span class='ocrx_word' id='word_1_176' title='bbox 1535 4080 1918 4172; x_wconf 87' lang='lat' dir='ltr'><strong>promittens</strong></span> <span class='ocrx_word' id='word_1_177' title='bbox 1947 4084 2118 4172; x_wconf 88' lang='lat' dir='ltr'><strong>quod</strong></span> <span class='ocrx_word' id='word_1_178' title='bbox 2150 4082 2212 4150; x_wconf 93' lang='lat' dir='ltr'><strong>in</strong></span> <span class='ocrx_word' id='word_1_179' title='bbox 2250 4083 2418 4152; x_wconf 90' lang='lat' dir='ltr'><strong>dicta</strong></span> <span class='ocrx_word' id='word_1_180' title='bbox 2439 4084 2652 4156; x_wconf 72' lang='lat' dir='ltr'><strong>‚domo</strong></span> <span class='ocrx_word' id='word_1_181' title='bbox 2678 4079 2873 4152; x_wconf 85' lang='lat' dir='ltr'><strong>nichil</strong></span> <span class='ocrx_word' id='word_1_182' title='bbox 2907 4083 3075 4150; x_wconf 89' lang='lat' dir='ltr'><strong>dece·</strong></span> 
     </span>
     <span class='ocr_line' id='line_1_26' title="bbox 844 4193 3074 4285; baseline -0.001 -23"><span class='ocrx_word' id='word_1_183' title='bbox 844 4206 980 4265; x_wconf 92' lang='lat' dir='ltr'><strong>tero</strong></span> <span class='ocrx_word' id='word_1_184' title='bbox 1021 4217 1133 4285; x_wconf 86' lang='lat' dir='ltr'><strong>per</strong></span> <span class='ocrx_word' id='word_1_185' title='bbox 1171 4216 1241 4264; x_wconf 89' lang='lat' dir='ltr'><strong>se</strong></span> <span class='ocrx_word' id='word_1_186' title='bbox 1272 4198 1368 4264; x_wconf 90' lang='lat' dir='ltr'><strong>vel</strong></span> <span class='ocrx_word' id='word_1_187' title='bbox 1410 4216 1521 4285; x_wconf 92' lang='lat' dir='ltr'><strong>per</strong></span> <span class='ocrx_word' id='word_1_188' title='bbox 1540 4196 1736 4264; x_wconf 85' lang='lat' dir='ltr'><strong>alium</strong></span> <span class='ocrx_word' id='word_1_189' title='bbox 1761 4197 2159 4265; x_wconf 86' lang='lat' dir='ltr'><strong>reclamaret.</strong></span> <span class='ocrx_word' id='word_1_190' title='bbox 2195 4198 2368 4265; x_wconf 86' lang='lat' dir='ltr'><strong>Hanc</strong></span> <span class='ocrx_word' id='word_1_191' title='bbox 2396 4209 2612 4266; x_wconf 90' lang='lat' dir='ltr'><strong>autem</strong></span> <span class='ocrx_word' id='word_1_192' title='bbox 2644 4193 3074 4266; x_wconf 82' lang='lat' dir='ltr'><strong>vendicionem</strong></span> 
     </span>
     <span class='ocr_line' id='line_1_27' title="bbox 844 4306 3074 4399; baseline -0.001 -23"><span class='ocrx_word' id='word_1_193' title='bbox 844 4306 1209 4389; x_wconf 86' lang='lat' dir='ltr'><strong>Petronilla,</strong></span> <span class='ocrx_word' id='word_1_194' title='bbox 1254 4330 1407 4377; x_wconf 85' lang='lat' dir='ltr'><strong>uxor</strong></span> <span class='ocrx_word' id='word_1_195' title='bbox 1458 4310 1624 4399; x_wconf 85' lang='lat' dir='ltr'><strong>ejus,</strong></span> <span class='ocrx_word' id='word_1_196' title='bbox 1667 4310 1795 4378; x_wconf 82' lang='lat' dir='ltr'><strong>fide</strong></span> <span class='ocrx_word' id='word_1_197' title='bbox 1838 4306 2046 4378; x_wconf 88' lang='lat' dir='ltr'><strong>media</strong></span> <span class='ocrx_word' id='word_1_198' title='bbox 2084 4307 2283 4378; x_wconf 90' lang='lat' dir='ltr'><strong>voluit</strong></span> <span class='ocrx_word' id='word_1_199' title='bbox 2319 4322 2381 4379; x_wconf 89' lang='lat' dir='ltr'><strong>et</strong></span> <span class='ocrx_word' id='word_1_200' title='bbox 2421 4306 2719 4392; x_wconf 86' lang='lat' dir='ltr'><strong>laudavit,</strong></span> <span class='ocrx_word' id='word_1_201' title='bbox 2772 4311 3074 4380; x_wconf 89' lang='lat' dir='ltr'><strong>abrenun-</strong></span> 
     </span>
     <span class='ocr_line' id='line_1_28' title="bbox 840 4415 3075 4513; baseline -0.003 -21"><span class='ocrx_word' id='word_1_202' title='bbox 840 4419 1020 4492; x_wconf 87' lang='lat' dir='ltr'><strong>cians</strong></span> <span class='ocrx_word' id='word_1_203' title='bbox 1058 4423 1234 4492; x_wconf 92' lang='lat' dir='ltr'><strong>omni</strong></span> <span class='ocrx_word' id='word_1_204' title='bbox 1263 4420 1418 4512; x_wconf 87' lang='lat' dir='ltr'><strong>juri,</strong></span> <span class='ocrx_word' id='word_1_205' title='bbox 1465 4421 1519 4493; x_wconf 88' lang='lat' dir='ltr'><strong>si</strong></span> <span class='ocrx_word' id='word_1_206' title='bbox 1557 4424 1727 4513; x_wconf 88' lang='lat' dir='ltr'><strong>quod</strong></span> <span class='ocrx_word' id='word_1_207' title='bbox 1767 4423 2066 4503; x_wconf 83' lang='lat' dir='ltr'><strong>habebat,</strong></span> <span class='ocrx_word' id='word_1_208' title='bbox 2117 4423 2186 4491; x_wconf 92' lang='lat' dir='ltr'><strong>in</strong></span> <span class='ocrx_word' id='word_1_209' title='bbox 2234 4421 2403 4493; x_wconf 88' lang='lat' dir='ltr'><strong>dicta</strong></span> <span class='ocrx_word' id='word_1_210' title='bbox 2469 4427 2663 4493; x_wconf 93' lang='lat' dir='ltr'><strong>domo</strong></span> <span class='ocrx_word' id='word_1_211' title='bbox 2700 4421 2960 4494; x_wconf 88' lang='lat' dir='ltr'><strong>racione</strong></span> <span class='ocrx_word' id='word_1_212' title='bbox 2989 4415 3075 4490; x_wconf 74' lang='lat' dir='ltr'><strong>sui</strong></span> 
     </span>
     <span class='ocr_line' id='line_1_29' title="bbox 842 4533 3076 4626; baseline -0.001 -24"><span class='ocrx_word' id='word_1_213' title='bbox 842 4533 1120 4605; x_wconf 88' lang='lat' dir='ltr'><strong>dotalicii</strong></span> <span class='ocrx_word' id='word_1_214' title='bbox 1173 4537 1269 4606; x_wconf 84' lang='lat' dir='ltr'><strong>vel</strong></span> <span class='ocrx_word' id='word_1_215' title='bbox 1322 4533 1447 4605; x_wconf 87' lang='lat' dir='ltr'><strong>alio</strong></span> <span class='ocrx_word' id='word_1_216' title='bbox 1484 4553 1892 4626; x_wconf 87' lang='lat' dir='ltr'><strong>quocumque</strong></span> <span class='ocrx_word' id='word_1_217' title='bbox 1944 4536 2162 4605; x_wconf 90' lang='lat' dir='ltr'><strong>modo.</strong></span> <span class='ocrx_word' id='word_1_218' title='bbox 2234 4534 2542 4606; x_wconf 86' lang='lat' dir='ltr'><strong>Similiter</strong></span> <span class='ocrx_word' id='word_1_219' title='bbox 2583 4539 2833 4620; x_wconf 86' lang='lat' dir='ltr'><strong>Petrus,</strong></span> <span class='ocrx_word' id='word_1_220' title='bbox 2905 4540 3076 4606; x_wconf 82' lang='lat' dir='ltr'><strong>trater</strong></span> 
     </span>
     <span class='ocr_line' id='line_1_30' title="bbox 843 4646 3074 4736; baseline 0 -21"><span class='ocrx_word' id='word_1_221' title='bbox 843 4646 993 4730; x_wconf 84' lang='lat' dir='ltr'><strong>dicti</strong></span> <span class='ocrx_word' id='word_1_222' title='bbox 1027 4648 1379 4734; x_wconf 84' lang='lat' dir='ltr'><strong>Guillermi,</strong></span> <span class='ocrx_word' id='word_1_223' title='bbox 1412 4647 1644 4719; x_wconf 88' lang='lat' dir='ltr'><strong>dictam</strong></span> <span class='ocrx_word' id='word_1_224' title='bbox 1676 4647 2124 4732; x_wconf 86' lang='lat' dir='ltr'><strong>vendicionem</strong></span> <span class='ocrx_word' id='word_1_225' title='bbox 2179 4670 2394 4734; x_wconf 88' lang='lat' dir='ltr'><strong>coram</strong></span> <span class='ocrx_word' id='word_1_226' title='bbox 2450 4651 2638 4734; x_wconf 89' lang='lat' dir='ltr'><strong>nobis</strong></span> <span class='ocrx_word' id='word_1_227' title='bbox 2699 4652 2826 4736; x_wconf 78' lang='lat' dir='ltr'><strong>fide</strong></span> <span class='ocrx_word' id='word_1_228' title='bbox 2881 4648 3074 4735; x_wconf 71' lang='lat' dir='ltr'><strong>media</strong></span> 
     </span>
    </p>
   </div>
  </div>
 </body>
</html>
