3485 5571
1765 543 2077 608 —74—

791 676 1092 747 tratribus
1153 672 1275 746 sibi
1322 672 1687 746 commissae
1745 673 2063 760 ecclesiae‚
2120 671 2416 745 videlicet
2478 678 2729 745 Sanctae
2788 672 3027 759 Crucis,

792 791 1050 863 easdem
1090 787 1271 858 villas
1305 786 1369 858 in
1410 787 1509 859 sui
1545 787 1750 859 victus
1790 787 2179 879 stipendium
2222 786 2473 879 propria
2509 802 2572 858 et
2611 787 3028 859 libentissima

793 910 1143 988 voluntate,
1201 903 1343 995 ipso
1406 906 1527 975 boc
1589 918 1873 974 nostram
1934 901 2379 975 celsitudinem
2422 904 2836 994 deprecante,
2878 911 3031 996 prae-

790 1019 1082 1091 semibus
1123 1016 1477 1108 futurisque
1527 1019 1924 1110 temporibus
1953 1021 2196 1109 absque
2226 1016 2419 1088 ullius
2448 1016 2890 1109 inquietudine
2922 1023 3029 1090 de-

792 1138 1002 1225 legare
1040 1133 1318 1204 studeat.
1387 1131 1841 1222 Praecipientes
1892 1155 2146 1222 quoque
2205 1133 2617 1202 decernimus
2655 1146 2719 1203 et
2759 1133 3034 1204 indisso-

790 1245 1069 1316 lubiliter
1105 1246 1434 1315 sancimus
1466 1259 1532 1314 nt
1570 1267 1763 1315 nemo
1816 1267 2271 1315 successorum
2336 1259 2704 1315 nostrorum
2766 1244 3033 1338 alicujus

789 1357 1149 1450 argumenti
1213 1357 1684 1430 machinatione
1767 1357 2021 1429 illectus
2077 1361 2372 1448 prael'atas
2430 1380 2558 1440 res,
2626 1382 2787 1449 quas
2850 1363 3033 1431 modo

793 1471 1189 1545 liberalitatis
1230 1486 1465 1544 nostrae
1525 1470 1960 1544 munificentia
2014 1475 2292 1564 praesatae
2335 1471 2631 1544 ecelesiae
2690 1486 2758 1544 et
2796 1495 3033 1546 memo-

788 1601 925 1659 rato
964 1589 1222 1679 praesuli
1265 1609 1527 1677 suaeque
1564 1585 1860 1658 ecclesiae
1899 1585 2228 1657 canonicis
2268 1588 2710 1658 confirmando
2751 1587 3030 1672 unimus,

787 1703 1157 1772 abstrahere
1182 1703 1262 1771 ab
1300 1702 1595 1792 ejusdem
1630 1701 1927 1772 ecclesiae
1969 1714 2286 1792 potestate
2314 1702 2570 1788 audeat,
2616 1703 2714 1771 vel
2754 1701 3035 1793 quolibet

788 1813 1147 1887 occasionis
1186 1818 1452 1886 obtentu
1512 1813 1745 1885 violare
1808 1816 1935 1885 ullo
1993 1815 2184 1884 modo
2245 1829 2639 1904 praesumat;
2679 1816 2800 1898 sed*
2852 1815 3037 1886 liceat

787 1930 1149 2002 rectoribus
1211 1927 1535 2020 jamdietae
1600 1929 1822 1998 matris
1872 1927 2167 1999 ecclesiae
2208 1932 2460 1999 Sanctae
2496 1927 2719 2000 Crucis
2771 1931 2837 1999 in
2881 1953 3036 2001 usus

796 2048 1056 2115 fratrum
1097 2044 1354 2114 easdem
1400 2064 1504 2114 res
1530 2046 1752 2133 quiete
1790 2056 2010 2112 tenere
2054 2055 2120 2111 et
2158 2041 2416 2113 nemine
2460 2042 2855 2132 inquietante
2898 2067 3036 2135 per-

789 2157 1124 2250 petualiter
1163 2156 1517 2248 possidere.
1565 2158 1648 2226 Et
1689 2170 1758 2226 ut
1795 2159 1934 2227 baec
1985 2169 2221 2227 nostrae
2281 2156 2790 2229 confirmationis
2849 2171 3034 2250 atque

791 2270 1221 2344 restitutionis
1259 2272 1608 2341 auctoritas
1647 2270 2002 2361 pleniorem
2055 2270 2120 2340 in
2160 2272 2277 2341 Dei
2333 2272 2593 2343 nomine
2644 2294 2758 2362 per
2813 2274 3034 2344 subse-

786 2384 1044 2476 quentia
1112 2399 1397 2475 tempora
1434 2383 1721 2455 obtineat
1761 2382 2070 2475 vigorem,
2115 2406 2308 2454 manu
2360 2383 2612 2476 propria
2674 2388 2896 2456 subter
2931 2387 3035 2454 fir-

788 2505 1130 2584 mavimuS‚
1196 2515 1258 2570 et
1321 2499 1490 2571 anuli
1560 2502 1763 2571 nostri
1824 2498 2250 2592 impressione
2302 2499 2615 2591 jussimus
2690 2500 3032 2592 assignari·

876 2615 1141 2706 Signum
1185 2613 1586 2685 Karlomanni
1629 2612 2076 2705 gloriosissimi
2114 2614 2309 2705 regis.

879 2735 1100 2801 Actum
1134 2734 1153 2776 ⁴
1185 2731 1349 2820 apud
1394 2726 1602 2799 villam
1640 2731 2071 2812 Petralictam‚
2103 2752 2273 2801 anno
2305 2732 2381 2801 ΙΙΙ
2410 2729 2592 2821 regni
2626 2730 3032 2802 Karlomanni

791 2842 1237 2935 gloriosissimi
1278 2842 1473 2933 regis,
1520 2843 1581 2912 in
1624 2866 1848 2914 mense
1890 2852 2081 2926 maio,
2112 2843 2460 2916 indictione
2490 2848 2673 2915 Xllll.

875 2962 1225 3029 Norbertus
1300 2956 1588 3029 notarius
1649 2958 1728 3028 ad
1796 2956 1997 3028 vicem
2046 2959 2321 3031 Vulsardi
2367 2957 2735 3050 recognovit
2788 2972 2853 3032 et
2889 2982 3032 3031 sus—

787 3071 1035 3162 cripsit.

858 4493 876 4527 ¹
915 4492 1092 4546 Toute
1122 4490 1173 4545 la
1204 4490 1350 4557 date,
1382 4492 1493 4544 tres
1523 4491 1762 4546 erronee
1804 4490 1942 4545 dans
1986 4492 2040 4547 la
2091 4491 2248 4562 copie
2277 4490 2347 4546 de
2387 4491 2614 4558 Belum,
2655 4497 2741 4547 est
2781 4490 3026 4561 corriges

795 4581 1015 4653 d’apres
1045 4581 1124 4635 les
1152 4579 1472 4636 Historiam
1501 4581 1599 4635 des
1622 4580 1858 4638 Gaules.
