3485 5571
1698 656 1774 667 —
1819 620 2056 683 218—

746 753 916 824 salva
954 773 1168 822 annua
1209 747 1400 821 trium
1441 748 1794 821 solidorum
1837 747 2193 821 elemosina
2238 747 2514 820 ecclesie
2576 744 2795 818 Sancti
2832 749 3007 817 San-

747 865 927 938 sonis
1000 864 1063 934 in
1136 865 1368 936 eodem
1426 866 1611 934 lurno
1666 885 1703 934 a
1772 861 1934 933 meis
2002 860 2572 953 predecessoribus
2640 862 2999 949 assignata,

745 979 943 1050 libere
972 991 1035 1050 et
1069 976 1331 1069 pacifice
1369 991 1682 1071 perpetuo
1725 974 2217 1068 possidendum.
2261 973 2578 1066 Quicquid
2637 987 2854 1045 autem
2920 975 3002 1042 Ιι-

746 1091 1011 1165 bertatis
1041 1090 1105 1162 in
1148 1090 1321 1163 dicto
1359 1094 1543 1163 furno
1573 1093 1920 1162 habueram
1957 1088 2219 1160 habebit
2249 1087 2314 1159 in
2343 1111 2421 1160 eo
2451 1087 2745 1160 similiter
2785 1091 3000 1179 capel-

745 1210 958 1291 lanus,
1013 1208 1306 1297 lagenam
1347 1203 1478 1275 vini
1534 1205 1858 1290 videlicet,
1924 1205 2097 1294 quod
2150 1205 2390 1294 hospes
2444 1200 2611 1272 furni
2652 1204 2747 1293 §de
2795 1201 3001 1273 vineis

709 1309 886 1392 ¹suis
915 1320 1195 1413 propriis
1235 1318 1423 1390 vendi
1464 1316 1653 1389 faciet
1690 1317 1853 1388 infra
1884 1320 2168 1399 turnum,
2212 1329 2276 1387 et
2318 1329 2611 1408 preterea
2643 1314 2999 1407 justiciam,

747 1432 1129 1525 sanguinem
1159 1446 1223 1504 et
1262 1435 1601 1503 latronem.
1670 1436 1823 1503 Post
1863 1433 2201 1502 decessum
2273 1452 2423 1502 vero
2480 1432 2576 1500 vel
2635 1429 3002 1501 cessionem

748 1546 1035 1620 Renaudi
1077 1550 1157 1618 de
1197 1545 1382 1617 Curia
1421 1568 1614 1637 quem
1650 1544 1930 1630 institui,
1967 1543 2319 1638 capitulum
2363 1549 2598 1616 Sancte
2635 1545 2863 1615 Crucis
2932 1540 2998 1614 in

745 1663 993 1753 prefato
1030 1658 1210 1731 altari
1251 1681 1512 1751 semper
1551 1659 1846 1731 instituet
1884 1662 2317 1750 capellanum,
2360 1681 2438 1729 eo
2495 1669 2707 1728 tamen
2776 1668 3002 1728 tenore

746 1776 920 1866 quod
959 1776 1134 1845 idem
1170 1776 1372 1845 altare
1411 1777 1701 1846 conferre
1732 1772 2054 1874 tenebitur
2094 1774 2442 1845 sacerdoti.
2487 1769 2552 1842 Si
2594 1793 2743 1842 vero
2765 1772 3000 1861 aliquis

747 1912 875 1961 non
918 1888 1237 1981 presbiter
1265 1888 1613 1961 occasione
1652 1888 1864 1980 aliqua
1893 1887 2082 1961 fuerit
2111 1889 2475 1971 institutus,
2507 1909 2700 1957 manu
2741 1884 2997 1978 propria
3118 1941 3127 1948 .

747 2002 1057 2096 prestabit
1086 2002 1151 2074 in
1191 2004 1473 2095 capitulo
1497 2005 1933 2094 juramentum
1968 2003 2270 2094 quatinus
2301 2001 2459 2073 infra
2523 2023 2763 2072 annum
2823 2001 2999 2072 ordi-

747 2116 883 2189 nari
916 2118 978 2187 in
1011 2116 1440 2209 presbiterum
1471 2140 1542 2188 se
1580 2119 1797 2200 faciet,
1827 2104 2060 2189 missas
2089 2140 2205 2208 per
2227 2118 2425 2187 alium
2451 2114 2709 2187 interim
2753 2113 2995 2186 faciens

746 2231 1079 2304 celebrari.
1117 2230 1181 2301 Si
1211 2246 1423 2302 autem
1460 2231 1521 2300 in
1554 2234 1987 2322 presbiterum
2016 2230 2182 2302 inira
2212 2253 2454 2301 annum
2494 2227 2774 2301 ordinari
2805 2250 2996 2299 recu-

746 2344 1005 2429 saverit,
1054 2344 1296 2415 dictum
1339 2346 1689 2435 capitulum
1757 2344 1967 2437 ipsum
2021 2366 2327 2415 amovens
2395 2346 2539 2415 loco
2601 2345 2743 2435 ejus
2801 2342 2996 2413 alium

747 2458 1146 2549 subrogabit.
1193 2463 1424 2529 Verum
1486 2458 1538 2529 si
1598 2462 1663 2529 in
1732 2458 1905 2529 dicto
1940 2458 2119 2529 altari
2183 2457 2444 2529 missam
2497 2481 2626 2528 non
2684 2456 2997 2528 celebrari

747 2571 1090 2664 contigerit
1130 2595 1207 2644 eo
1246 2574 1417 2663 quod
1455 2571 1815 2664 predictum
1858 2577 2110 2644 furnum
2152 2572 2217 2643 in
2261 2596 2419 2645 usus
2471 2594 2626 2644 suos
2665 2586 2995 2644 convertat

745 2687 1126 2779 capitulum,
1162 2686 1317 2757 mihi
1375 2688 1662 2778 meisque
1716 2688 2209 2760 successoribus
2271 2691 2391 2759 erit
2469 2687 2718 2759 licitum
2770 2685 2984 2779 ipsum

747 2807 1007 2875 turnum
1078 2807 1146 2875 in
1181 2807 1420 2876 nostris
1460 2828 1791 2877 resumere
1825 2805 2148 2892 manibuS,
2209 2820 2273 2876 et
2335 2818 2686 2897 proventus
2746 2806 2881 2896 ejus
2924 2802 2989 2874 in

745 2941 917 3018 usus*
942 2932 1203 2989 nostros
1239 2933 1640 3005 convertere,
1684 2921 1904 3010 donec·
1936 2918 2130 2990 missa
2171 2917 2341 2990 sicut
2379 2931 2691 2991 statutum
2730 2932 2829 2989 est
2875 2917 2998 2990 ite-

747 3053 887 3101 rum
953 3034 1338 3103 celebretur.
1414 3035 1544 3104 Hoc
1620 3030 1812 3103 etiam
1879 3035 2249 3123 adjunctum
2328 3045 2427 3103 est
2498 3033 2670 3123 quod
2719 3030 2996 3103 ecclesie

747 3149 979 3216 Sancte
1012 3145 1237 3216 Crucis
1264 3148 1635 3237 capellanus
1673 3146 1890 3217 altaris
1929 3145 2256 3218 servitium
2296 3145 2606 3236 prestabit
2632 3144 2992 3229 assiduum,

746 3261 831 3330 ita
889 3261 1061 3349 quod
1136 3258 1240 3329 alii
1306 3259 1582 3330 ecclesie
1632 3281 1764 3331 non
1830 3259 2063 3352 poterit
2126 3250 2474 3332 deservire.
2542 3261 2703 3330 Illud
2737 3281 2998 3351 quoque

747 3375 1085 3445 sciendum
1113 3385 1212 3443 est
1240 3374 1412 3463 quod
1438 3372 1845 3463 supradictus
1871 3377 2240 3456 RenauduS‚
2271 3372 2518 3464 accepti
2545 3395 2669 3444 oon
2700 3372 2996 3462 ingratus

746 3485 1071 3570 beneficii,
1111 3500 1447 3576 arpentum
1507 3509 1703 3556 unum
1756 3489 1940 3558 vinee
1980 3486 2172 3557 situm
2202 3488 2280 3556 ad
2325 3489 2536 3557 locum
2572 3485 2682 3577 qui
2724 3487 2996 3557 Pratella

744 3597 1003 3685 dicitur,
1069 3599 1134 3668 in
1177 3622 1377 3670 censu
1433 3599 1735 3691 Stephani
1767 3599 1990 3671 Picaut
2027 3615 2091 3670 et
2133 3600 2416 3690 Hugonis
2457 3604 2615 3683 Iver,
2668 3611 2995 3691 pretaxato

744 3714 924 3784 altari
955 3715 1038 3783 ob
1079 3712 1292 3784 anime
1332 3736 1448 3784 sue
1474 3727 1539 3784 et
1578 3736 1840 3784 suorum
1895 3714 2251 3785 remedium
2304 3713 2580 3785 contulit
2618 3714 2992 3783 babendum

745 3842 1082 3921 perpetuo,
1124 3831 1293 3919 quod
1324 3852 1735 3920 comparasse
1772 3831 1907 3901 suis
1949 3829 2223 3921 propriis
2264 3827 2546 3901 denariis
2579 3832 2991 3899 noscebatur.

746 3944 932 4029 Quod
964 3955 1034 4012 ut
1059 3957 1266 4013 ratum
1311 3954 1603 4014 teneatur
1634 3958 1694 4013 et
1727 3958 1948 4015 notum
1984 3956 2379 4035 permaneat,
2425 3957 2783 4033 presentem
2817 3946 2998 4033 pagi-

744 4078 890 4126 nam
931 4055 1162 4128 litteris
1206 4070 1573 4127 annotatam
1612 4057 1803 4148 sigilli
1852 4057 1975 4130 mei
2030 4072 2351 4130 caractere
2392 4057 2704 4128 roboravi.
2759 4059 2995 4126 Actum

740 4193 914 4242 anno
956 4170 1158 4262 gratie
1188 4175 1269 4241 Μ·
1313 4172 1435 4241 CC·
1471 4174 1782 4243 secundo.
