3485 5571
1362 650 1718 713 —297-

1435 1010 1629 1073 CCvn

1255 1291 1458 1359 Paris,
1495 1291 1660 1353 avril
1692 1288 1852 1354 1225

417 1548 604 1607 Leuis
626 1547 754 1604 vm
789 1546 1036 1604 autorise
1064 1547 1117 1602 le
1142 1546 1390 1618 chapitre
1417 1545 1449 1601 d
1475 1546 1702 1602 acheter
1722 1510 1954 1617 jusqu‘a
1989 1544 2060 1601 10
2093 1545 2260 1602 livres
2293 1545 2364 1602 de
2401 1552 2561 1605 rente
2595 1562 2667 1606 en

907 1644 1108 1709 dimes,
1143 1643 1281 1698 dans
1312 1642 1364 1698 le
1382 1640 1483 1697 flet*
1502 1641 1571 1698 de
1593 1642 1833 1698 Galeran
1853 1643 1924 1698 de
1953 1641 2183 1699 Crasne.

884 1789 1067 1863 (Orig.
1098 1806 1146 1846 s.
1179 1789 1367 1863 purch.
1397 1790 1568 1846 Arch.
1603 1790 1679 1846 du
1706 1789 1915 1846 Loiret.
1950 1789 2018 1847 G.
2051 1787 2205 1858 483.)

494 2004 816 2053 concussio
861 1989 1152 2054 Lunovmr
1196 2006 1367 2051 nmis
1412 2006 1598 2051 suasa
1638 2004 1939 2051 nummus
1968 2003 2187 2051 nucum
2229 2005 2305 2051 nn
2347 1991 2592 2051 Ammo

881 2112 1074 2156 sum
1116 2114 1175 2156 m
1220 2110 1414 2157 rssono
1459 2096 1688 2157 Ganos.
1736 2112 1812 2156 nn
1856 2093 2186 2156 Cunnum

501 2293 889 2379 Ludovicus,
946 2294 1062 2366 Dei
1122 2292 1331 2386 gracia
1372 2297 1759 2366 Francorum
1811 2319 1948 2382 rex,
1992 2296 2311 2369 universis
2363 2301 2444 2370 ad
2496 2320 2665 2389 quos

420 2423 765 2501 presentes
799 2408 1010 2481 littere
1051 2408 1457 2501 pervenerint
1497 2412 1795 2481 salutem.
1837 2408 2152 2483 Noveritis
2191 2414 2361 2503 quod
2391 2435 2510 2484 nos
2552 2434 2663 2483 vo-

422 2526 644 2593 lumus
682 2535 748 2593 et
784 2521 1203 2594 concedimus
1232 2520 1484 2594 dilectis
1514 2522 1754 2594 nostris
1781 2525 2030 2595 decano
2066 2537 2131 2595 et
2155 2523 2435 2616 capitulo
2476 2531 2672 2597 Aure-

427 2636 701 2708 lianensi
760 2638 927 2727 quod
968 2635 1090 2728 ipsi
1134 2635 1198 2706 in
1241 2639 1428 2708 feodo
1467 2635 1683 2708 dilecti
1723 2651 1790 2707 et
1829 2638 2039 2708 fidelis
2088 2638 2291 2710 nostri
2323 2641 2555 2710 Guales
2596 2641 2676 2710 de

426 2753 630 2823 Crane
661 2764 876 2822 emant
902 2773 1105 2842 usque
1134 2752 1211 2822 ad
1246 2753 1468 2823 decem
1492 2751 1749 2823 libratas
1779 2749 2068 2823 redditus
2107 2752 2173 2822 in
2218 2751 2515 2826 decimis.
2559 2758 2677 2825 Ac-

426 2879 563 2936 tum
592 2862 898 2953 ParisiuS,
941 2887 1110 2936 anno
1147 2864 1402 2937 Domini
1436 2868 1774 2950 MCCXXV,
1818 2888 2042 2937 mense
2080 2865 2285 2958 aprili.

1443 3203 1666 3266 ccvnl

1394 3499 1516 3561 Mai
1557 3498 1715 3562 1225

432 3750 676 3807 Galeran
705 3750 776 3804 de
806 3750 1037 3821 Crasne,
1063 3749 1218 3806 baini
1261 3751 1436 3823 royal,
1486 3766 1771 3822 approuve
1815 3766 2037 3806 comme
2083 3751 2344 3823 seigneur
2412 3750 2685 3822 d’Aulnay

645 3846 700 3902 la
720 3853 882 3902 vente
911 3846 980 3902 de
1012 3847 1192 3903 dimes
1220 3846 1350 3902 faite
1379 3863 1482 3919 par
1540 3846 1754 3903 Robert
1778 3847 1847 3902 de
1874 3847 1979 3903 Val
2009 3846 2478 3905 saint-Germain.

905 3992 1082 4063 (Orig.
1111 4009 1160 4050 s.
1191 3991 1388 4065 parch.
1417 3992 1589 4049 Arch.
1622 3992 1700 4049 du
1727 3992 1933 4048 Loiret.
1965 3992 2033 4049 G.
2060 3992 2213 4062 312.)

522 4214 657 4304 Ego
701 4214 1094 4282 Galerannus
1132 4213 1213 4282 de
1253 4213 1526 4291 Cranna,
1569 4207 1810 4281 domini
1876 4210 2051 4301 regis
2090 4209 2406 4294 baillivuS,
2463 4222 2687 4281 notum

433 4328 597 4400 facio
638 4326 1046 4419 presentibus
1086 4341 1151 4399 et
1204 4326 1436 4397 suturis
1487 4328 1658 4417 quod
1716 4329 2035 4399 Robertus
2096 4330 2176 4398 de
2233 4329 2408 4398 Valle
2470 4323 2687 4397 Sancti

436 4440 730 4514 Germani
764 4439 949 4514 miles
985 4455 1049 4512 et
1080 4463 1234 4511 uxor
1272 4440 1476 4531 ipsius
1539 4443 1826 4512 Emelina
1865 4453 2060 4511 totam
2138 4439 2453 4511 decimam
2507 4461 2690 4509 suam

435 4579 627 4647 qnam
666 4556 986 4626 habebant
1017 4557 1084 4625 in
1122 4552 1444 4628 territorio
1480 4553 1625 4625 ville
1674 4576 1801 4644 que
1859 4556 2155 4625 Alnetum
2203 4551 2461 4635 dicitur,
2490 4552 2688 4623 inme·

438 4671 609 4741 diate
636 4670 717 4740 de
748 4691 893 4740 meo
923 4683 1219 4741 movente
1255 4670 1472 4751 feod03
1514 4667 1792 4740 ecclesie
1831 4671 2064 4738 Sancte
2122 4666 2344 4739 Crucis
2406 4663 2693 4737 Aurelia·
