3485 5571
1417 688 1775 750 -245-

475 815 849 905 possidendi
892 816 1153 885 easdem
1212 813 1274 884 in
1319 814 1439 885 vita
1498 837 1612 885 sua
1662 828 1808 904 post
1856 817 2195 885 decessum
2243 812 2395 883 dicti
2448 818 2718 885 Bartho-

471 928 692 1013 lomei,
738 932 880 999 loco
922 927 1207 1019 magistri
1253 927 1602 1010 Paschasii‚
1636 940 1705 997 ut
1734 926 1975 999 dictum
2016 941 2138 1013 est,
2172 927 2388 1018 positi,
2421 931 2590 1019 quod
2615 931 2719 1019 jus

467 1065 541 1114 ex
569 1043 916 1114 donatione
956 1042 1307 1133 supradicti
1363 1042 1630 1125 Martini,
1700 1045 1873 1113 Beati
1933 1042 2156 1112 Aniani
2222 1044 2599 1124 subdecani,
2659 1043 2715 1113 ei

465 1161 875 1248 conpetebat,
920 1159 1078 1240 Ade,
1119 1159 1409 1247 ejusdem
1445 1158 1873 1228 Bartlrolomei
1904 1156 2103 1241 fratri,
2142 1160 2220 1227 ad
2256 1179 2478 1248 preces
2505 1156 2718 1227 dilecti

473 1270 582 1340 filii
641 1270 961 1354 Falconis,
1019 1271 1498 1342 Aurelianensis
1556 1271 1808 1352 decani,
1860 1273 2232 1342 eorumdem
2296 1270 2720 1343 Bartholomei

462 1400 524 1457 et
552 1388 686 1456 Ade
724 1385 1045 1468 avunculi,
1087 1408 1303 1455 coram
1344 1383 1532 1456 nobis
1571 1385 1830 1455 donavit
1860 1399 1922 1457 et
1954 1384 2303 1463 concessit,
2339 1384 2721 1477 promittens

459 1522 529 1571 se
588 1499 656 1569 in
719 1501 964 1570 eisdem
1014 1498 1311 1570 domibus
1354 1522 1464 1591 per
1516 1523 1587 1570 se
1649 1502 1745 1570 vel
1802 1522 1916 1590 per
1973 1523 2446 1591 quemcumque
2519 1501 2719 1571 alium

468 1611 666 1682 nichil
700 1616 779 1684 de
818 1626 1034 1683 cetero
1064 1616 1585 1684 reclamaturum.
1630 1616 1697 1682 In
1737 1616 1927 1704 hujus
1960 1611 2159 1703 igitur
2197 1612 2286 1684 rei
2344 1612 2717 1684 memoriam

462 1740 527 1798 et
561 1725 1116 1797 confirmationem
1157 1741 1489 1818 presentes
1532 1725 1774 1797 litteras
1832 1729 1909 1796 ad
1971 1727 2354 1817 peticionem
2408 1726 2719 1818 sepedicti

461 1841 781 1912 lobannis
822 1842 1111 1913 annotari
1160 1841 1431 1913 fecimus
1466 1856 1531 1912 et
1572 1841 1927 1932 sigillorum
1970 1857 2334 1913 nostrorum
2360 1842 2720 1912 munimine

459 1954 779 2027 roborari.
827 1962 1052 2027 Actum
1094 1955 1477 2037 Aurelianis,
1531 1978 1701 2027 anno
1750 1958 1954 2047 gratie
2018 1954 2358 2027 millesimo
2412 1957 2719 2027 ducente-

456 2067 626 2141 simo
668 2068 1085 2151 duodecimo,
1129 2092 1354 2141 mense
1375 2069 1695 2161 januario.

1512 2462 1660 2523 CLX

1327 2739 1364 2802 5
1396 2739 1657 2820 janvier
1698 2738 1856 2801 1213

452 2971 644 3026 Meme
664 2970 856 3024 charte
879 2966 1251 3038 homologuee
1280 2984 1383 3040 par
1410 2969 1463 3023 le
1486 2968 1737 3040 chapitre
1768 2967 1837 3022 de
1867 2967 2272 3036 Sainte-Croix,
2298 2969 2396 3039 qui
2417 2969 2687 3024 maiutien

939 3065 990 3119 le
1019 3065 1173 3136 loyer
1203 3064 1273 3120 de
1301 3081 1393 3120 ces
1422 3065 1668 3120 maisons
1695 3065 1727 3120 a
1751 3064 1822 3119 10
1849 3081 1982 3121 sous
2007 3080 2109 3136 par
2136 3080 2229 3120 an.

1086 3210 1264 3280 (Orig.
1292 3211 1460 3267 Arch.
1495 3211 1571 3266 du
1599 3210 1809 3279 Loiret‚
1841 3212 1909 3267 G.
1941 3209 2089 3278 268).

538 3433 582 3498 F
589 3431 759 3509 ulc0‚
807 3428 1092 3498 decanus
1115 3431 1346 3498 Sancte
1385 3428 1605 3497 Crucis
1633 3426 2132 3509 Aurelianensis,
2178 3441 2510 3518 totumque
2531 3429 2706 3517 ejus-

448 3545 601 3612 dem
670 3539 949 3611 ecclesie
1022 3539 1398 3630 capitulum,
1481 3538 1800 3610 universis
1875 3541 2287 3630 presentibus
2344 3539 2579 3630 pariter
2642 3555 2706 3610 et

450 3653 687 3726 futuris
743 3655 1014 3725 salutem
1075 3652 1135 3722 in
1189 3653 1486 3724 Domino.
1555 3655 1642 3722 Ad
1715 3653 2152 3723 universitatis
2209 3666 2446 3735 vestre,
2523 3664 2700 3728 etc...

448 3771 717 3840 Comme
755 3771 817 3838 la
852 3770 1245 3859 precedente,
1280 3769 1585 3859 jusqu'd:
1631 3767 1692 3836 in
1733 3769 2015 3837 claustro
2068 3778 2288 3837 nostro
2336 3768 2652 3838 edificavit
2685 3793 2702 3850 ;

445 3907 649 3974 super
686 3907 809 3973 qua
877 3881 1224 3953 donatione
1250 3896 1314 3951 et
1352 3879 1778 3952 concessione
1816 3904 1852 3951 a
1917 3881 2088 3951 dicto
2143 3881 2486 3952 Paschasio
2542 3886 2705 3953 facta

444 3997 664 4069 eidem
708 3998 1159 4067 Bartholomeo
1197 3994 1439 4065 litteras
1470 4010 1721 4065 nostras
1775 3996 2164 4066 contulimus
2219 3999 2453 4066 l'actum
2492 3996 2703 4086 ipsum

444 4112 913 4201 approbantes,
960 4108 1170 4180 Voluit
1207 4111 1401 4179 etiam
1468 4109 1636 4179 idem
1685 4112 2034 4192 lohannes,
2105 4120 2278 4180 etc...
2339 4132 2576 4179 comme
2639 4112 2706 4180 la

443 4227 814 4317 precedente
837 4227 1146 4316 jusqu'c't:
1188 4247 1404 4295 coram
1436 4225 1624 4293 nobis
1663 4224 1725 4292 in
1769 4225 2049 4314 capitulo
2090 4238 2312 4293 nostro
2348 4222 2603 4294 donavit
2642 4240 2707 4294 et

444 4341 782 4412 concessit
820 4352 983 4409 etse
1013 4341 1091 4409 de
1142 4340 1372 4409 eodem
1428 4340 1574 4428 jure
1629 4337 1987 4424 devestivit,
2045 4338 2428 4428 promittens
2503 4360 2573 4407 se
2639 4338 2704 4406 in

445 4454 703 4524 eisdem
732 4449 1035 4522 domibus
1063 4473 1177 4542 per
1216 4474 1287 4522 se
1326 4453 1422 4523 vel
1461 4474 1571 4542 per
1611 4473 2086 4540 quemcumque
2129 4451 2324 4520 alium
2381 4449 2575 4520 nichil
2625 4452 2706 4521 de

447 4580 672 4638 cetero
700 4568 1218 4636 reclamaturum.
1256 4569 1382 4636 Nos
1406 4578 1617 4636 autem
1643 4563 2056 4635 donationem
2083 4563 2254 4633 illam
2276 4567 2704 4654 approbantes

448 4682 668 4751 eidem
709 4682 840 4750 Ade
880 4679 1325 4751 concessimus
1379 4677 1583 4754 dictas
1622 4679 1851 4748 domos
1898 4680 1975 4747 ad
2039 4676 2230 4747 vitam
2286 4700 2467 4748 suam
2532 4676 2705 4748 obti-
