3485 5571
1398 638 1638 703 —225
1681 674 1758 684 ...

1470 1016 1674 1077 CXLII

1288 1315 1677 1394 Septembre
1708 1314 1869 1378 1204

442 1573 993 1645 philippe-Auguste
1029 1572 1273 1629 auton-ise
1304 1573 1355 1628 le
1378 1573 1631 1645 chapitre
1660 1573 1731 1629 de
1758 1573 2163 1631 sainte-croix
2204 1575 2238 1630 ὲ
2290 1576 2592 1631 affranchir
2630 1592 2722 1632 see

520 1669 674 1726 serfs
702 1675 759 1725 et
780 1685 989 1739 serves,
1019 1670 1206 1725 meme
1232 1668 1476 1724 residant
1503 1670 1638 1724 hors
1668 1670 1768 1725 des
1805 1674 1990 1726 terres
2022 1670 2098 1726 du
2128 1669 2378 1743 chapitre
2421 1671 2620 1744 etqui,
2652 1687 2722 1728 en

520 1783 623 1822 cas
644 1767 713 1823 de
749 1767 1138 1836 contestation,
1159 1771 1349 1822 seront
1368 1766 1624 1822 declares
1652 1767 1757 1822 tels
1799 1782 1901 1838 par
1923 1771 2175 1822 serment
2198 1767 2268 1823 de
2288 1767 2718 1838 prudhommes.

522 1863 685 1919 Ceux
712 1862 808 1936 qui
828 1862 1149 1919 refuseront
1175 1861 1732 1919 l'affranchissement
1755 1869 2031 1935 pourront
2051 1864 2170 1919 etre
2199 1863 2413 1920 soumis
2433 1863 2466 1919 ὰ
2485 1863 2541 1919 la
2566 1863 2723 1920 taille

524 1959 758 2016 suivant
786 1959 940 2016 leurs
970 1959 1223 2016 facultes.

554 2097 729 2171 (Bibl.
761 2100 891 2157 Nat.
924 2098 1064 2156 Coll.
1106 2098 1336 2154 Morem
1362 2096 1481 2154 CVI
1516 2096 1623 2153 :58
1652 2097 1873 2170 d’apres
1903 2098 1958 2154 le
1983 2097 2301 2169 cartulaire,
2330 2115 2386 2170 p.
2419 2098 2494 2155 10
2520 2101 2618 2168 ν’).

546 2335 907 2428 philippae,
944 2335 1060 2407 Dei
1098 2335 1296 2428 gratia
1326 2338 1710 2408 Francorum
1753 2359 1885 2408 rex.
1922 2336 2225 2409 Noverint
2258 2336 2539 2409 universi
2571 2360 2718 2430 pre·

447 2465 681 2523 sentes
722 2453 959 2543 pariter
995 2464 1059 2522 et
1089 2449 1306 2534 futuri,
1339 2453 1512 2542 quod
1551 2474 1697 2538 nos,
1730 2453 1812 2521 ad
1851 2450 2230 2543 petitionem
2263 2450 2490 2524 decani
2516 2467 2708 2524 etca-

448 2564 641 2658 pituli
683 2563 1184 2649 Aurelianensis,
1228 2568 1524 2636 volumus
1562 2578 1628 2635 et
1691 2563 2118 2637 concedimus
2177 2580 2246 2636 ut
2310 2567 2437 2657 ipsi
2496 2588 2717 2638 servos

449 2704 614 2752 suos
675 2693 740 2752 et
791 2678 1032 2750 ancilas
1080 2701 1256 2762 suae,
1323 2693 1500 2750 extra
1562 2692 1803 2750 terram
1870 2680 2138 2771 capituli
2203 2693 2713 2765 commorantes,

450 2794 699 2887 ubique
739 2794 981 2867 inventi
1023 2793 1279 2877 fuerint,
1319 2792 1697 2866 auctoritate
1736 2817 1851 2865 sua
1891 2806 1956 2865 et
1985 2807 2203 2865 nostra
2247 2793 2713 2866 manumictant

448 2908 563 2981 tali
621 2912 814 2982 modo
859 2911 1056 3000 quod,
1118 2910 1172 2980 si
1236 2910 1315 2980 de
1356 2907 1660 2980 servitute
1709 2911 2086 2979 eorumdem
2149 2908 2483 2980 hominum
2544 2907 2712 2981 inter

449 3026 813 3116 capitulum
844 3037 910 3095 et
936 3046 1049 3095 eos
1073 3046 1235 3113 quos
1271 3026 1349 3093 de
1380 3021 1684 3094 servitute
1724 3021 2037 3114 impetent
2074 3026 2320 3095 oriatur
2349 3023 2700 3111 contentio,

450 3160 568 3232 per
602 3140 962 3229 juramenta
1003 3136 1434 3227 legitimorum
1478 3135 1839 3219 hominum,
1883 3135 2023 3208 sine
2070 3139 2312 3222 duello,
2372 3137 2539 3209 idem
2597 3160 2700 3208 ca·

451 3252 733 3344 pitulum
804 3275 918 3323 eos
994 3275 1213 3323 servos
1286 3254 1622 3343 approbet,
1664 3263 1727 3321 et
1765 3248 2330 3322 manumictantur.
2393 3250 2457 3321 Si
2487 3266 2702 3323 autem

448 3368 627 3438 idem
693 3365 991 3438 homines
1065 3364 1386 3437 noluerint
1441 3362 1842 3448 manumicti,
1907 3388 2022 3455 pro
2066 3368 2257 3437 modo
2329 3368 2699 3437 {acuitatum

449 3503 718 3551 suarum
760 3478 1127 3551 taillientur.
1160 3485 1384 3550 Actum
1424 3502 1593 3550 anno
1628 3477 1829 3569 gratie
1860 3477 2202 3550 millesimo
2254 3479 2699 3552 ducentesimo

446 3607 702 3686 quarto,
742 3616 963 3666 mense
993 3592 1401 3685 septembris.

646 4775 790 4829 um.
829 4784 958 4826 xxx.
2397 4774 2465 4829 15
