3485 5571
1712 600 1790 610 —
1834 567 1953 630 132
1994 602 2071 611 —

764 698 1263 779 Aurelianensis,
1305 709 1521 779 teneo,
1565 710 1788 767 notum
1819 718 1964 768 esse
1994 699 2137 767 volo
2164 695 2415 767 cunctis
2444 697 2745 767 fidelibus
2783 710 3006 770 sancte

757 809 873 882 Dei
913 810 1186 881 ecclesie
1227 833 1441 881 curam
1483 810 1854 901 gerentibus
1915 809 2061 901 quia
2115 811 2594 901 postulaverunt
2634 833 2737 881 me
2782 835 3003 883 mona-

759 925 861 996 chi
904 924 1345 996 cluniacensis
1386 923 1754 995 monasterii
1786 937 1855 994 ut
1891 924 1986 995 eis
2034 937 2263 995 terram
2307 947 2431 1015 que
2472 923 2706 994 dicitur
2764 928 3005 996 Canna-

757 1038 928 1109 veria
959 1054 1021 1108 et
1054 1037 1239 1108 aliam
1283 1053 1512 1109 terram
1542 1060 1737 1129 quam
1762 1039 2201 1110 Masiuncellas
2239 1051 2491 1123 vocant,
2536 1062 2696 1129 quas
2726 1061 3004 1110 avuncu-

758 1156 857 1223 lus
891 1175 1073 1224 meus
1122 1154 1526 1243 Ingelbaldus
1566 1157 1801 1223 Sancto
1851 1156 2038 1223 Petro
2088 1152 2492 1223 Cluniacensi
2563 1167 2626 1223 et
2668 1152 3002 1223 monachis

758 1265 864 1357 qui
920 1267 987 1336 in
1042 1270 1185 1338 loco
1237 1265 1342 1358 qui
1406 1265 1639 1337 dicitur
1694 1268 1864 1357 apud
1924 1271 2191 1338 Pontem
2233 1266 2534 1338 Unsantie
2574 1269 2590 1301 ¹
2629 1266 2997 1338 deserviunt

754 1600 862 1653 vol.
898 1599 967 1652 de
994 1598 1242 1665 Moreau,
1289 1598 1338 1652 1'0
1367 1599 1457 1667 85,
1489 1598 1619 1652 laite
1642 1613 1713 1652 en
1755 1598 2057 1654 novembre
2088 1598 2224 1654 1787
2259 1615 2359 1671 par
2384 1597 2647 1653 Lambert
2688 1596 2757 1652 de
2787 1597 3002 1666 Barive,

754 1694 838 1743 est
876 1688 1006 1743 bien
1037 1690 1348 1744 meilleure.
1395 1689 1553 1743 Nous
1600 1690 1651 1743 la
1702 1688 1948 1743 suivonS.
1987 1688 2104 1743 Elle
2142 1681 2538 1743 e'stintitulee:
2577 1705 2605 1741 ι
2655 1686 3004 1756 Preoeptum

751 1778 1010 1850 Philippi
1034 1778 1184 1847 reqt's
1214 1779 1281 1834 de
1304 1778 1594 1833 territorio
1618 1776 2032 1834 Aurelianensi
2074 1778 2154 1833 ad
2205 1786 2439 1847 pontem
2481 1777 2762 1833 Ossantie.
2799 1794 2830 1829 ›
2858 1775 3001 1831 Pub.

752 1865 984 1923 Recueil
1010 1868 1105 1922 des
1135 1867 1373 1921 Chartes
1393 1868 1459 1924 de
1486 1867 1744 1936 l’abbaye
1773 1868 1842 1923 de
1875 1867 2077 1936 Cluny,
2103 1873 2142 1922 t.
2174 1867 2270 1933 IV,
2303 1883 2359 1937 p.
2386 1867 2538 1937 591.)

824 1976 852 2012 c
892 1959 956 2012 In
983 1956 1210 2012 nomine
1240 1963 1427 2011 sancte
1453 1961 1505 2011 et
1536 1957 1592 2010 in
1608 1956 1704 2010 livi
1722 1956 1822 2011 iue
1851 1957 2160 2012 Trinitatis,
2193 1957 2308 2026 Ego
2333 1956 2650 2028 PhilippuS,
2681 1956 2784 2012 Dei
2804 1956 2998 2027 gratia,

754 2048 1096 2102 Francorum
1128 2063 1242 2115 rex,
1292 2051 1487 2101 notum
1521 2043 1637 2100 fieri
1678 2046 1937 2100 volumus
1986 2046 2199 2100 cunctis
2250 2045 2509 2100 fidelibus
2558 2052 2746 2101 sancte
2799 2047 2992 2100 matris

750 2135 985 2189 ecclesie
1014 2140 1127 2188 tam
1156 2133 1513 2205 presentibus
1558 2149 1727 2204 quam
1761 2133 1966 2187 suturis
1996 2135 2148 2204 quod
2177 2133 2405 2204 quidam
2428 2133 2628 2189 fratres
2657 2139 2712 2188 et
2740 2133 2998 2188 monachi

753 2222 1131 2279 Cluniasensis
1178 2221 1505 2277 monasterii
1553 2222 1740 2277 adiere
1771 2222 2134 2278 serenitatem
2178 2228 2435 2278 nostram
2472 2222 2763 2278 humiliter
2814 2228 3001 2294 postu·

752 2313 934 2368 lantes
965 2314 1117 2385 quod
1172 2313 1230 2368 in
1279 2313 1564 2369 territorio
1611 2310 2002 2366 Aurelianensi
2039 2310 2321 2392 quandam
2364 2317 2574 2367 terram
2628 2311 2699 2368 de
2752 2311 3002 2368 dominio

754 2409 944 2457 nostro
985 2403 1055 2458 ad
1113 2409 1343 2475 pontem
1410 2402 1664 2457 Ossantie
1738 2400 2091 2456 Cluniasensi
2143 2400 2373 2456 ecclesie
2429 2401 2885 2473 concederemuS,
2949 2408 3003 2458 et

753 2499 963 2546 terram
989 2492 1144 2546 illam
1176 2508 1305 2546 cum
1337 2506 1404 2548 ea
1433 2497 1583 2546 terra
1627 2506 1798 2561 quam
1837 2489 2192 2559 Ingelbaldus
2234 2489 2398 2544 miles
2454 2490 2784 2560 cognomine
2845 2493 2998 2545 Man·

752 2580 930 2636 sellus
960 2582 1171 2636 eisdem
1194 2580 1460 2635 fratribus
1487 2584 1844 2635 concesserat
1863 2584 1917 2634 et
1944 2583 2122 2633 terras
2152 2579 2276 2633 illas
2298 2595 2439 2651 quas
2466 2580 2660 2635 fideles
2680 2581 2790 2636 illis
2817 2580 2999 2652 largiti

751 2672 978 2726 fuerant
1004 2671 1092 2725 vel
1123 2671 1376 2741 largituri
1417 2674 1574 2724 erant
1620 2673 1716 2723 aut
1754 2668 1836 2722 illi
1885 2667 2084 2723 fratres
2130 2669 2307 2738 pretio
2352 2669 2698 2740 redempturi
2745 2676 2906 2724 erant
2945 2670 3000 2725 in

753 2760 1080 2832 supradicto
1106 2759 1496 2816 Aurelianensi
1524 2758 1831 2828 territori0‚
1875 2756 1944 2813 ab
1986 2757 2140 2812 omni
2190 2757 2598 2815 consuetudine
2628 2764 2679 2815 et
2717 2761 2999 2816 exactione

752 2852 858 2905 nisi
889 2867 998 2921 que
1031 2850 1303 2906 fratribus
1333 2848 1723 2918 redderentur,
1754 2846 1822 2900 de
1853 2852 2038 2901 cetero
2067 2847 2270 2903 liberas
2308 2853 2363 2902 et
2392 2848 2677 2904 absolutas
2706 2855 2761 2904 et
2790 2850 3002 2921 quietas

751 2955 874 2992 esse
901 2955 1000 3008 pro
1022 2938 1405 3009 redemptione
1429 2937 1615 2990 anime
1640 2940 1830 2990 nostre
1859 2941 1910 2989 et
1942 2934 2400 3007 predecessorum
2423 2942 2745 2991 nostrorum
2769 2937 2829 2992 in
2854 2937 2999 2993 futu·

751 3044 879 3093 rum
907 3030 1299 3084 clamaremus,
1336 3026 1586 3090 Quorum
1614 3024 1867 3096 petitioni
1897 3024 2196 3079 annuendo
2223 3031 2387 3095 prout
2407 3024 2511 3096 ipsi
2540 3026 2741 3082 fratres
2762 3027 3000 3098 postula·

750 3122 944 3172 verant
964 3117 1367 3185 concessimuS‚
1399 3120 1458 3171 et
1487 3121 1547 3170 ut
1576 3115 1633 3168 in
1666 3119 2000 3184 perpetuum
2026 3113 2256 3167 firmum
2281 3119 2336 3168 et
2360 3115 2757 3170 inconcussum
2787 3132 3001 3188 perma.

750 3211 908 3261 neret
937 3207 1111 3261 nostri
1143 3205 1387 3261 nominis
1417 3206 1704 3259 karactere
1746 3208 1802 3256 et
1831 3201 2010 3273 sigillo
2041 3207 2231 3257 nostro
2261 3203 2392 3259 inde
2420 3204 2684 3274 scriptam
2724 3204 2999 3260 kartulam

750 3296 913 3350 istam
943 3297 1154 3352 firmari
1184 3302 1239 3351 et
1269 3293 1622 3350 corroborari
1648 3308 1823 3346 manu
1849 3298 2042 3346 nostra
2070 3291 2342 3361 signando
2368 3294 2744 3366 precepimus.

1921 3381 1978 3436 S.
2023 3382 2293 3451 IlugoniS,
2322 3382 2512 3437 fratris
2531 3382 2680 3454 regis

747 3473 804 3529 S.
848 3473 1127 3529 Frederici
1157 3472 1410 3544 dapiferi.
1919 3470 1975 3525 S.
2020 3472 2235 3526 Hervaei
2264 3471 2514 3542 magistri
2547 3474 2944 3543 pincernarum

746 3561 801 3614 S.
844 3562 1098 3632 Hugonis
2063 3561 2476 3616 constabularii.

742 3649 799 3705 S.
841 3650 1092 3720 Hugonis
1329 3650 1819 3721 (Monoqramme)
2060 3651 2374 3706 camerarii.

746 3740 808 3795 S.
850 3740 1104 3810 Hugonis
1133 3740 1203 3794 de
1232 3740 1487 3795 PusiacO.
1921 3740 1978 3795 S.
2021 3740 2240 3797 Warini
2272 3739 2342 3794 de
2373 3740 2635 3796 Belismo.

746 3829 804 3885 S.
848 3830 1087 3888 wiberti
1118 3830 1187 3885 de
1210 3830 1482 3885 SoisiacO.

813 3924 1013 3976 Actum
1058 3921 1280 3992 publice
1328 3923 1394 3989 »Β
1441 3918 1761 3975 Aurelianis
1807 3935 1955 3975 anno
1996 3919 2269 3974 incarnati
2315 3918 2486 3974 Verbi
2518 3920 2600 3975 Mo
2639 3918 2859 3989 LXXV,
2904 3936 2990 3975 re-

739 4020 944 4082 gnante
973 4012 1229 4082 Philippo
1259 4026 1389 4080 rege
1419 4026 1565 4064 anno
1594 4009 1766 4065 xv10.

740 4102 1041 4159 Godfridus
1057 4100 1404 4155 Parisiorum
1420 4100 1738 4171 episcopm,
1762 4099 1912 4169 regis
1933 4099 2325 4168 concellarius,
2350 4097 2652 4169 relegendo
2672 4097 2936 4154 laudavit.
2958 4114 2987 4152 ι

807 4217 823 4249 ¹
870 4235 894 4269 α
938 4214 1212 4270 L'Osance
1261 4220 1346 4269 est
1390 4213 1444 4269 la
1487 4213 1653 4284 petite
1699 4211 1901 4266 riviere
1943 4213 2043 4283 qui
2092 4213 2274 4267 forme
2318 4229 2432 4267 nne
2484 4212 2663 4284 partie
2709 4211 2788 4267 du
2834 4210 2988 4266 canal

733 4306 1040 4361 d'OrleanS.
1087 4305 1206 4360 Elle
1252 4303 1430 4373 prend
1470 4319 1533 4357 sa
1579 4318 1777 4357 source
1830 4302 1970 4357 dans
2012 4301 2064 4357 la
2113 4302 2278 4373 foret,
2335 4319 2499 4373 passe
2542 4304 2674 4372 pres
2717 4301 2770 4356 le
2795 4301 2987 4372 village

731 4392 1085 4467 d’Ingranne,
1115 4394 1450 4464 Combreux,
1482 4392 1662 4449 forme
1686 4392 1739 4446 le
1770 4392 1930 4446 canal
1964 4393 2061 4463 qui
2092 4396 2178 4446 est
2217 4394 2345 4463 pres
2371 4392 2424 4447 le
2454 4391 2680 4464 prieure
2709 4390 2779 4445 de
2808 4391 2988 4449 Saint-

723 4487 996 4551 Jerosme,
1027 4484 1246 4556 appelle
1274 4485 1327 4538 le
1357 4483 1904 4547 Pont-aux-Moine3‚
1936 4488 1989 4536 et
2019 4498 2078 4536 se
2106 4482 2243 4551 jette
2294 4482 2427 4537 ians
2467 4481 2520 4536 la
2560 4480 2722 4535 Loire
2762 4482 2969 4554 aupres

726 4576 801 4633 du
832 4576 1029 4647 village
1057 4575 1127 4629 de
1157 4573 1461 4629 Combleux
1495 4594 1545 4626 ι.
1580 4572 1725 4627 C’est
1755 4571 1807 4625 le
1839 4571 1999 4626 CenS.
