3485 5571
1421 704 1733 768 -53-

444 857 569 905 nos
621 833 918 906 convenit
949 832 1306 925 providere,
1355 856 1514 924 quas
1553 835 1630 903 ad
1662 831 1826 902 beati
1857 832 2022 902 Petri
2053 834 2365 923 obsequia
2405 835 2694 903 devotio-

442 970 551 1020 res
615 970 691 1019 ac
740 946 1163 1040 promptiores
1216 970 1362 1018 esse
1403 946 1882 1037 cognoscimus.
1953 952 2080 1017 Nec
2119 948 2384 1017 dubium
2424 949 2594 1037 quod
2640 946 2694 1018 si

441 1066 738 1154 suscepti
798 1062 1125 1153 regiminis
1175 1063 1605 1153 gubernacula
1667 1060 2048 1151 cogitamus,
2093 1061 2187 1132 sic
2263 1075 2330 1132 ut
2370 1073 2581 1152 patres
2627 1059 2692 1130 in

439 1177 556 1248 Dei
584 1178 825 1269 populo
859 1175 1155 1261 dicimur,
1201 1177 1286 1247 ita
1315 1174 1770 1247 nichilominus
1827 1177 2060 1247 efl'ectu
2121 1177 2337 1267 operis
2406 1197 2698 1266 compro-

441 1292 579 1363 bari
613 1294 953 1362 debemus.
1003 1294 1134 1362 Hoc
1171 1291 1477 1360 nimirum
1542 1288 1804 1374 intuitu,
1849 1287 2233 1361 venerabilis
2282 1293 2474 1362 frater
2524 1291 2696 1362 Helia

436 1404 778 1497 episcope,
810 1427 1000 1497 quem
1040 1412 1259 1496 utique
1299 1401 1578 1496 propriis
1621 1418 1922 1495 tanquam
1986 1403 2152 1475 beati
2196 1404 2362 1477 Petri
2402 1404 2699 1477 manibus

439 1520 501 1589 in
526 1518 932 1611 episcopum,
961 1517 1239 1590 Domino
1268 1531 1677 1609 cooperante,
1721 1516 2180 1607 promovimus»,
2207 1517 2335 1588 tuis
2360 1518 2697 1591 desideriis

436 1640 797 1711 clementer
855 1633 1226 1717 annuimus,
1291 1647 1355 1706 et
1413 1655 1755 1726 personam
1795 1646 1969 1704 tuam
2036 1656 2180 1705 cum
2224 1634 2411 1706 bonis
2455 1659 2597 1726 quae
2630 1635 2696 1705 in

439 1749 933 1842 praesentiarum
972 1746 1258 1839 legitime
1296 1746 1620 1840 possideS,
1660 1759 1770 1818 aut
1811 1747 1873 1817 in
1907 1749 2187 1818 futurum
2212 1746 2698 1821 rationabilibus

439 1864 657 1937 modis
697 1868 834 1935 Deo
860 1862 1135 1955 propitio
1176 1861 1415 1954 poteris
1463 1860 1762 1953 adipisci,
1800 1865 1919 1933 sub
1977 1864 2145 1932 beati
2209 1862 2375 1934 Petri
2434 1867 2696 1936 tutelam

439 1977 1041 2072 protectionemque
1082 1975 1497 2068 suscipimus,
1543 1989 1607 2046 et
1638 1974 1976 2067 paesentis
2015 1975 2233 2069 scripti
2267 1976 2497 2069 pagina
2521 2000 2698 2048 com-

435 2091 795 2174 munimus,
846 2106 909 2163 et
951 2106 1077 2163 tam
1141 2092 1202 2161 in
1244 2090 1495 2162 abbatia
1546 2094 1756 2161 sancti
1800 2090 2119 2160 Maximini
2171 2113 2362 2180 quam
2425 2093 2493 2162 in
2552 2091 2698 2163 aliis

438 2204 716 2279 abbatiis
749 2219 940 2296 atque
981 2203 1281 2276 omnibus
1320 2202 1617 2277 ecclesiis
1650 2217 1778 2275 tuae
1806 2202 2110 2297 dyocesis
2142 2207 2250 2295 jus
2296 2204 2694 2297 episcopale,

435 2322 608 2395 sicut
641 2322 1155 2412 praedecessores
1209 2318 1299 2389 tui
1331 2317 1683 2410 antiquitus
1736 2321 2122 2403 habuerunt,
2176 2318 2294 2390 tibi
2333 2319 2697 2392 nichilomi-

435 2460 561 2509 nus
611 2437 1096 2507 confirmamuS.
1139 2437 1311 2505 Bona
1364 2454 1620 2524 quoque
1659 2432 2138 2504 Aurelianensis
2184 2433 2503 2518 ecclesiae,
2545 2459 2687 2525 quae

434 2553 685 2640 absque
749 2548 1020 2619 utilitate
1048 2546 1353 2619 Ecclesiae
1394 2559 1647 2617 constat
1702 2568 1851 2617 esse
1890 2547 2221 2628 distracta,
2251 2550 2329 2618 ad
2364 2551 2471 2638 jus
2500 2562 2694 2640 atque

440 2662 801 2736 dominium
841 2666 981 2754 ejus
1016 2662 1431 2755 praecipimus
1471 2661 1781 2734 revocari.
1821 2666 1950 2732 Tua
1994 2663 2236 2753 itaque,
2271 2664 2459 2734 frater
2487 2662 2696 2735 karis-

437 2778 627 2864 sime,
666 2778 936 2850 interest
994 2775 1369 2869 religionem
1415 2790 1606 2867 atque
1670 2780 2076 2848 honestatem
2126 2774 2190 2846 in
2232 2776 2527 2849 ecclesiis
2601 2777 2692 2849 tui

437 2892 853 2984 episcopatus
893 2904 1196 2978 statuere,
1260 2904 1327 2962 et
1389 2904 1690 2962 statutam
1744 2890 2082 2961 auxiliante
2141 2889 2418 2962 Domino
2467 2914 2694 2986 propa·

436 3030 610 3098 gare,
654 3021 847 3097 atque
887 3005 1153 3097 ydoneis
1193 3005 1486 3098 personis
1531 3004 1970 3076 ecclesiastica
2003 3003 2309 3076 beneficia
2348 3004 2686 3097 impertiri.

437 3126 617 3191 Juxta
670 3133 919 3212 patrum
969 3142 1224 3212 quoque
1286 3121 1541 3190 decreta
1587 3133 1653 3190 et
1701 3118 2045 3190 canonicas
2116 3119 2483 3192 sanctiones
2513 3127 2555 3199 ¹,
2622 3120 2688 3192 in

330 3266 339 3279 ·
442 3234 879 3306 Aurelianensi
927 3232 1199 3304 ecclesia
1259 3236 1503 3304 nullum
1547 3231 1611 3302 in
1661 3235 1977 3304 decanum
2016 3235 2115 3304 vel
2164 3233 2686 3307 archidiaconum

441 3349 611 3442 eligi.
689 3347 808 3420 nisi
886 3350 1327 3440 presbyterum
1394 3350 1489 3419 vel
1552 3346 1918 3424 diaconum,
1963 3345 2245 3439 patiaris,
2305 3347 2468 3419 Nulli
2532 3372 2686 3441 ergo

443 3462 708 3532 omnino
771 3459 1104 3531 hominum
1160 3463 1253 3531 sas
1311 3459 1395 3530 sit
1456 3482 1649 3551 super
1689 3463 1808 3530 hac
1839 3472 2056 3530 nostra
2095 3460 2517 3533 concessione
2587 3465 2685 3534 vel

444 3574 931 3646 confirmatione
969 3598 1082 3646 vos
1108 3588 1348 3646 temere
1389 3577 1784 3666 perturbare,
1816 3590 1922 3647 aut
1951 3575 2226 3666 aliquam
2252 3574 2430 3645 vobis
2455 3575 2684 3649 exinde

444 3689 934 3760 diminutionem
977 3691 1073 3759 vel
1122 3687 1639 3760 contrarietatem
1684 3691 1945 3761 inferre.
1991 3689 2053 3761 Si
2096 3689 2241 3780 quis
2278 3703 2489 3760 autem
2522 3713 2684 3761 ausu

442 3802 780 3875 temerario
819 3804 881 3872 id
951 3813 1328 3893 attemptare
1385 3807 1893 3893 praesumpserit,
1937 3802 2439 3895 indignationem
2480 3804 2683 3875 omni-

440 3917 721 4008 potentis
771 3915 883 3986 Dei
933 3930 998 3986 et
1068 3918 1397 3987 beatorum
1458 3916 1626 3986 Petri
1692 3930 1759 3989 et
1811 3916 1986 3989 Pauli
2044 3922 2483 4009 apostolorum
2523 3922 2683 4010 'ejus

439 4028 722 4100 incurrat
758 4043 819 4100 et
858 4027 1507 4101 excommunicationi
1539 4031 1892 4120 subjaceat.
1939 4033 2404 4103 Conservantes
2465 4045 2680 4103 autem

440 4144 604 4228 baec,
628 4145 981 4214 eorundem
1014 4145 1463 4267 apostolorum⁴
1482 4142 1996 4216 benedictionem
2040 4158 2107 4216 et
2152 4148 2419 4236 gratiam
2460 4168 2680 4218 conse·

444 4269 740 4346 quantur.
785 4261 1009 4329 Amen.
1053 4262 1276 4329 Amen.
1321 4233 1829 4344 DatamLaterani,
1873 4262 2033 4330 XVII
2071 4261 2199 4329 kal.
2243 4261 2420 4330 maii.

515 4637 534 4672 ¹
572 4638 645 4692 La
676 4638 849 4718 copie⁴
863 4638 932 4693 de
963 4638 1170 4693 Baluze
1198 4643 1355 4710 porte
1384 4655 1455 4693 en
1483 4654 1674 4709 merge
1706 4656 1721 4695 t
1761 4637 1901 4694 Vide
1942 4640 2249 4696 concilium
2289 4640 2686 4699 Claromonta-

454 4739 593 4781 num
618 4727 684 4784 in
709 4733 786 4784 te.
818 4726 883 4787 2.
921 4727 1003 4782 De
1040 4725 1344 4786 concordia
1366 4728 1588 4784 sacerd.
1622 4734 1676 4785 et
1706 4728 1965 4800 imperii.
