3485 5571
1785 656 2137 719 -346-

1842 981 2066 1042 CCLlll

1675 1257 2043 1321 Novembre
2086 1255 2242 1322 1238

833 1482 1109 1538 Sentence
1136 1482 1398 1539 arbitrale
1424 1482 1494 1539 de
1518 1484 1780 1555 Geoffroy
1808 1484 1878 1539 de
1910 1484 2058 1540 Bulli
2091 1489 2148 1539 et
2195 1484 2265 1540 de
2315 1484 2639 1540 Guillaume
2665 1483 2735 1539 de
2770 1484 3075 1540 Peronville

903 1594 1004 1633 sur
1030 1579 1271 1634 certains
1300 1580 1504 1652 pointS,
1535 1584 1590 1635 et
1618 1580 1693 1635 du
1720 1580 1898 1651 doyen
1918 1580 2119 1637 Lebert
2145 1597 2245 1636 sur
2301 1581 2547 1637 certatus
2611 1585 2824 1647 autres,
2886 1579 3074 1636 debat-

901 1679 992 1729 tus
1045 1679 1205 1730 entre
1259 1676 1312 1731 le
1341 1676 1590 1748 chapitre
1616 1681 1672 1732 et
1718 1676 1939 1732 Hubert
1981 1676 2051 1732 de
2097 1677 2426 1732 Peronville
2470 1693 2543 1732 au
2590 1678 2739 1748 sujet
2788 1676 2889 1731 des
2942 1693 3071 1731 cou-

903 1776 1087 1826 tumes
1115 1771 1186 1827 (10
1215 1773 1533 1843 Villequoy.

1291 1917 1472 1988 (Orig.
1506 1936 1552 1973 s,
1585 1920 1776 1991 parch.
1805 1917 1976 1974 Arch.
2008 1918 2086 1974 du
2116 1918 2323 1989 Loiret,
2356 1919 2425 1975 G.
2456 1917 2617 1989 441.)

919 2138 1311 2230 L[ebertus],
1355 2138 1638 2207 decanus
1678 2136 2184 2219 Aurelianensis»,
2218 2135 2532 2207 universis
2569 2148 2912 2226 presentes
2980 2135 3074 2205 lit-

829 2266 1001 2323 teras
1037 2250 1425 2342 inspecturis
1474 2253 1750 2322 salutem
1807 2250 1871 2320 in
1903 2249 2202 2320 Domino.
2245 2249 2548 2321 Noverint
2596 2248 2877 2321 universi
2908 2250 3072 2340 quod

828 2388 975 2436 cum
1007 2379 1359 2436 verteretur
1390 2365 1733 2436 contencio
1774 2366 1943 2436 inter
1982 2363 2330 2454 capitulum
2376 2363 2832 2435 Aurelianense
2866 2379 2932 2435 et
2965 2367 3073 2434 bo-

828 2481 1042 2550 mines
1082 2481 1163 2550 de
1213 2478 1355 2550 villa
1387 2479 1569 2565 Galli,
1611 2502 1684 2550 ex
1721 2502 1846 2550 una
1885 2492 2088 2571 parte,
2132 2492 2197 2549 et
2255 2482 2605 2549 Hubertum
2631 2479 2713 2549 (10
2756 2482 3073 2569 Espeson-

828 2592 1000 2677 vilia,
1041 2615 1117 2665 ex
1142 2595 1363 2675 altera,
1408 2616 1604 2686 super
1642 2615 1720 2664 eo
1759 2596 1933 2683 quod
1986 2591 2196 2663 dictus
2247 2596 2566 2664 Hubertus
2605 2592 2860 2663 dicebat
2897 2595 3064 2683 quod

827 2720 1141 2778 retractus
1181 2729 1344 2799 aque
1376 2708 1740 2777 communis
1770 2708 1850 2777 de
1891 2705 2033 2776 villa
2066 2708 2222 2776 Galli
2254 2719 2388 2777 erat
2426 2704 2795 2776 communis
2836 2704 2956 2776 sibi
3003 2719 3064 2774 et

826 2824 1106 2912 capitulo
1146 2823 1316 2892 sicut
1353 2844 1541 2912 aqua,
1572 2837 1634 2892 et
1677 2844 1874 2912 super
1912 2844 1990 2892 eo
2025 2823 2198 2911 quod
2238 2822 2452 2891 dictus
2489 2824 2561 2890 H.
2606 2819 2862 2891 dicebat
2890 2821 3060 2912 quod

827 2934 978 3005 dicti
1023 2935 1319 3007 homines
1347 2939 1425 3006 (10
1457 2935 1599 3006 villa
1640 2934 1795 3005 Gaui
1838 2937 2160 3006 debebant
2201 2957 2400 3025 panes
2431 2934 2836 3025 rogationum
2869 2935 2932 3004 in
2958 2936 3069 3004 do-

827 3072 1002 3119 mum
1034 3072 1217 3120 suam
1255 3048 1573 3140 propriam
1607 3065 1885 3139 portare,
1933 3063 1996 3120 et
2035 3071 2231 3140 super
2259 3071 2338 3119 eo
2378 3051 2549 3138 quod
2596 3048 2808 3119 dictus
2850 3052 2923 3120 Η.
2970 3070 3071 3118 vo-

825 3165 995 3233 lebat
1046 3162 1376 3255 justiciare
1450 3162 1660 3236 dictos
1735 3164 2035 3235 homines
2084 3162 2148 3232 in
2189 3166 2381 3234 domo
2426 3185 2541 3233 sua
2582 3161 2863 3253 propria,
2921 3184 3063 3232 cum
3186 3159 3189 3160 ⁷

826 3277 993 3349 dicta
1032 3280 1267 3349 domus
1340 3293 1517 3349 esset
1552 3281 1631 3350 de
1673 3277 1843 3359 vilia,
1915 3293 1982 3347 ut
2055 3277 2332 3363 dicebat,
2398 3291 2462 3349 et
2522 3275 2713 3349 etiam
2763 3298 2958 3367 super
2994 3299 3067 3347 οο

824 3395 995 3482 quod
1025 3391 1237 3463 dictus
1278 3396 1350 3461 H.
1413 3394 1668 3463 dicebat
1718 3395 1890 3483 quod
1933 3414 2346 3481 possessores
2387 3413 2784 3462 masurarum
2824 3393 3062 3462 honera

821 3520 885 3578 et
915 3509 1203 3577 redditus
1238 3529 1636 3577 masurarum
1665 3507 2031 3598 assignatos
2066 3528 2259 3597 super
2298 3528 2588 3577 masuras
2629 3504 2799 3576 dicto
2833 3508 2906 3575 H.
2951 3526 3058 3595 pro

819 3633 953 3691 rata
992 3642 1223 3691 eorum
1249 3643 1372 3711 que
1413 3623 1833 3711 possidebant
1871 3622 1952 3691 de
1984 3619 2256 3691 masuris
2283 3623 2531 3691 solvere
2558 3623 2969 3703 tenebantur,
2997 3631 3058 3689 et

821 3757 1016 3825 super
1048 3757 1127 3805 eo
1188 3732 1380 3806 etiam
1421 3738 1592 3825 quod
1659 3734 1870 3806 dictus
1913 3737 1984 3804 H.
2041 3733 2297 3805 dicebat
2356 3736 2527 3823 quod
2593 3755 2743 3804 cum
2799 3745 3056 3824 arpenta

815 3851 1041 3940 juncta
1072 3861 1293 3919 essent
1333 3848 1609 3920 masuris
1648 3847 1771 3939 ipsi
1811 3848 2107 3919 homines
2138 3861 2403 3939 arpenta
2441 3870 2557 3918 sua
2609 3859 3056 3938 augmentave-

821 3975 965 4033 rant
1006 3976 1072 4032 ut
1113 3965 1357 4033 honera
1401 3961 1814 4053 campipartis
1854 3962 2190 4045 evitarent,
2234 3964 2405 4033 unde
2446 3963 2701 4051 petebat
2739 3959 2951 4031 dictus
2989 3960 3060 4029 Η.

825 4075 995 4147 (11οῑ3
1031 4089 1296 4167 arpenta
1336 4089 1400 4147 et
1438 4075 1651 4147 omnia
1690 4078 1813 4148 alia
1851 4088 2112 4166 arpenta
2142 4077 2432 4167 ejusdem
2448 4070 2641 4160 'ville,
2680 4097 2805 4167 que
2871 4072 3067 4165 legiti-

826 4213 993 4261 mam
1031 4212 1400 4262 mensuram
1426 4203 1838 4281 arpentorum
1878 4191 2296 4273 excedebant,
2327 4188 2731 4275 mensurari;
2766 4211 2894 4280 que
2930 4210 3063 4259 om-

825 4304 928 4376 nia
969 4304 1211 4375 dictum
1250 4306 1600 4397 capitulum
1641 4318 1703 4376 et
1746 4303 1897 4375 dicti
1925 4302 2221 4376 homines
2257 4307 2468 4376 facere
2500 4306 2909 4387 recusabant,
2936 4301 3067 4373 dic-

825 4434 964 4489 tum
1012 4441 1160 4490 vero
1221 4418 1572 4509 capitulum
1621 4433 1687 4490 et
1760 4419 1911 4490 dicti
1971 4419 2268 4490 homines
2326 4440 2400 4489 ex
2437 4419 2706 4489 adverso
2771 4417 3065 4489 dicebant

823 4535 992 4623 quod
1014 4535 1290 4624 quedam
1326 4531 1553 4605 semita
1584 4535 1857 4605 debebat
1886 4554 2032 4603 esse
2060 4535 2234 4624 juxta
2267 4531 2587 4624 propriam
2616 4536 2883 4603 domum
2908 4530 3061 4601 dicti

827 4651 931 4731 H„
973 4669 1169 4737 quam
1201 4650 1416 4719 dictus
1441 4653 1514 4719 Η.
1551 4651 1981 4731 obturaverat,
2016 4649 2186 4719 unde
2220 4650 2524 4739 petebant
2546 4645 2786 4719 dictam
2817 4650 3064 4718 clausu-
