3485 5571
1400 669 1759 738 —113—

467 800 700 889 sensis,
742 825 862 874 nec
907 799 1101 893 aliqui
1142 801 1500 874 servientes
1538 800 1741 874 nostri
1796 815 1906 874 aut
1953 821 2408 874 successorum
2449 812 2705 872 nostro-

468 940 632 1003 rum,
662 915 1006 1010 quicquam
1047 918 1279 989 amodo
1316 913 1469 989 inde
1498 915 1822 1009 requirere
1858 933 1968 989 aut
1997 920 2347 989 reclamare
2376 937 2708 1008 presuma-

467 1056 632 1110 mus,
678 1030 763 1103 ita
802 1045 1016 1104 tamen
1055 1046 1125 1102 ut
1175 1054 1322 1103 cum
1363 1029 1730 1124 prepositus
1770 1046 1992 1104 noster
2029 1035 2108 1104 de
2149 1036 2383 1103 Sancto
2422 1032 2711 1102 Deodato

467 1148 528 1218 in
571 1143 911 1218 festivitate
950 1159 1173 1219 sancte
1214 1143 1435 1216 Crucis
1470 1143 1534 1216 in
1575 1145 1741 1217 maio
1792 1149 1871 1217 ad
1911 1144 2267 1230 clientelas,
2320 1167 2480 1235 quas
2517 1146 2711 1236 vulgo

467 1261 974 1334 commandicias
1030 1275 1293 1349 vocant,
1335 1259 1581 1332 venerit
1641 1259 2071 1353 recipiendaS,
2122 1285 2194 1333 se
2247 1259 2474 1343 tercio,
2516 1282 2708 1352 pane,

465 1391 528 1447 et
567 1375 742 1459 vino,
805 1389 870 1447 et
909 1398 1127 1460 carne,
1172 1399 1300 1447 uno
1338 1388 1586 1447 tantum
1644 1378 1912 1468 prandio
1954 1391 2354 1469 procuretur.
2406 1372 2713 1447 Similiter

462 1503 527 1562 et
554 1489 620 1560 in
660 1489 1013 1561 autumnali
1056 1504 1368 1582 tempore,
1412 1513 1559 1562 cum
1590 1492 1668 1560 ad
1709 1504 2198 1564 censamentum
2237 1511 2438 1561 avene
2465 1487 2712 1561 venerit

464 1602 928 1696 recipiendum.
995 1609 1310 1697 Tempore
1373 1627 1523 1677 vero
1580 1603 2071 1690 vindemiarum,
2132 1617 2354 1678 custos
2414 1602 2544 1674 vini
2586 1601 2711 1675 mei

462 1721 645 1790 solus
680 1717 764 1789 ibi
807 1717 1278 1811 procurabitur,
1320 1721 1495 1789 unde
1532 1729 1597 1791 et
1634 1721 1835 1810 major
1870 1718 2150 1804 Noemii,
2186 1717 2295 1809 qui
2336 1721 2416 1789 de
2456 1715 2714 1810 proprio

463 1856 576 1905 eos
612 1848 943 1925 procurat,
983 1836 1063 1905 ab
1103 1834 1279 1905 omni
1309 1833 1781 1905 consuetudine
1816 1848 1942 1906 tam
1979 1832 2044 1905 in
2086 1836 2311 1906 eadem
2354 1832 2496 1904 villa
2521 1855 2712 1924 quam

465 1947 672 2019 Blesis
703 1950 1039 2020 absolutus
1074 1951 1138 2018 in
1180 1961 1561 2040 perpetuum
1601 1955 1671 2020 et
1705 1950 1963 2040 quietus
1995 1951 2292 2020 habetur.
2335 1950 2466 2020 Hoc
2495 1959 2712 2019 autem

462 2059 887 2134 concedimus
925 2075 988 2134 et
1027 2065 1508 2148 confirmamus,
1551 2061 1742 2135 salvis
1783 2079 1995 2136 tamen
2037 2062 2270 2136 ceteris
2307 2060 2501 2135 rectis
2549 2084 2716 2133 con-

464 2175 920 2248 suetudinibus
960 2176 1223 2259 nostris,
1264 2199 1421 2268 quas
1459 2176 1523 2247 in
1555 2180 1781 2250 eadem
1821 2178 1965 2249 villa
1995 2182 2123 2250 huc
2164 2199 2368 2270 usque
2419 2175 2712 2268 possedi·

462 2314 633 2362 mus.
682 2289 1028 2362 Universus
1089 2313 1238 2362 vero
1313 2293 1589 2364 ecclesie
1653 2296 1886 2365 Sancte
1946 2292 2167 2364 Crucis
2230 2304 2586 2364 conventus
2649 2290 2712 2360 in

461 2403 958 2476 retributionem
1018 2403 1313 2476 beneficii
1353 2405 1542 2478 nobis
1588 2405 1912 2478 concessit
1974 2410 2144 2498 quod
2203 2403 2715 2478 anniversarium

463 2518 634 2591 diem
678 2521 879 2609 patris
920 2517 1147 2604 nostri,
1189 2533 1483 2590 nostrum
1525 2543 1783 2612 quoque
1825 2534 1969 2613 post
2009 2523 2351 2592 decessum
2392 2533 2711 2602 nostrum,

459 2634 740 2725 singulis
778 2635 970 2704 annis
1008 2635 1431 2706 celebrarent.
1479 2638 1553 2705 Ut
1591 2647 1808 2706 autem
1863 2639 1982 2707 hec
2022 2634 2283 2708 donatio
2325 2650 2542 2706 nostra
2581 2648 2716 2704 rata

460 2763 720 2821 maneat
760 2762 825 2820 et
861 2748 1276 2833 inconcussa,
1315 2747 1381 2819 in
1424 2747 1749 2840 presentia
1802 2753 2153 2831 multorum
2191 2750 2332 2823 viva
2372 2772 2528 2822 voce
2567 2772 2717 2822 con-

457 2862 811 2947 cessimuS,
896 2877 960 2935 et
1020 2863 1210 2955 sigilli
1274 2862 1476 2935 nostri
1534 2865 1868 2938 actoritate
1923 2868 2065 2958 (sic)
2128 2865 2709 2939 corroboravimus.

445 2984 680 3050 Actum
741 2978 996 3069 publice
1034 2975 1414 3063 Aurelianis,
1456 2977 1522 3049 in
1583 2978 1865 3071 capitulo
1922 2985 2159 3053 Sancte
2222 2979 2471 3066 CruciS,
2533 3002 2704 3050 anno

452 3091 772 3165 incarnati
815 3091 1000 3165 Verbi
1064 3095 1403 3178 lllCLXllll,
1444 3092 1624 3184 regni
1666 3117 1815 3167 vero
1868 3093 2113 3168 domini
2163 3093 2495 3178 Ludovici‚
2541 3117 2715 3166 sere-

453 3207 715 3280 nisstmi
755 3211 1140 3278 Francorum
1180 3205 1376 3295 regis,
1418 3211 1627 3283 XXVI.
1665 3208 2078 3302 episcopatus
2118 3233 2267 3283 vero
2307 3206 2553 3280 domini
2595 3212 2715 3280 Ma·

455 3346 683 3409 nasse,
741 3324 1035 3414 ejusdem
1075 3320 1350 3393 ecclesie
1389 3320 1704 3414 episcopi,
1760 3348 1933 3396 nono
1978 3325 2250 3398 decimo.

544 3436 925 3510 Astantibus
965 3434 1030 3507 in
1071 3438 1397 3527 presentia
1427 3451 1644 3510 nostra
1686 3442 1951 3530 Hugone
1985 3439 2114 3512 filio
2171 3442 2433 3515 Ebrardi
2476 3448 2556 3517 de
2595 3450 2715 3517 Pu·

457 3558 666 3637 teolo‚
735 3551 1066 3623 Fulcherio
1142 3554 1221 3623 de
1295 3552 1564 3637 Mellaio,
1631 3554 1969 3627 Guillelmo
2041 3556 2242 3631 milite
2307 3561 2709 3646 Carnotensi,

454 3667 742 3740 Guarino
773 3664 1130 3751 Moreherii,
1175 3669 1218 3735 F
1225 3668 1450 3738 ulcone
1493 3670 1571 3739 de
1609 3668 1966 3755 Merroliis;
2000 3671 2428 3746 servientibus
2458 3699 2712 3767 quoque

456 3781 710 3856 nostris
763 3779 1087 3874 preposito
1151 3782 1441 3852 Blesensi
1501 3785 1934 3875 Espechardo‚
2002 3788 2323 3861 Harduino
2392 3792 2474 3862 de
2539 3790 2712 3875 Faia,

455 3904 790 3981 Drocone,
841 3898 1269 3981 Bartolomeo,
1326 3894 1587 3968 Girardo
1636 3901 1999 3991 burgundo,
2061 3901 2305 3975 Pinello
2357 3906 2436 3976 de
2477 3909 2711 3977 Sancto

450 4016 778 4085 Deodato.

547 4131 715 4198 Data
752 4147 867 4218 per
901 4148 1164 4198 manum
1204 4124 1463 4198 Hildric1
1503 4129 1891 4201 cancellarii.

653 4836 791 4891 um.
831 4847 946 4888 xxx
2505 4836 2541 4891 8
