3485 5571
1791 652 2029 715 —542
2074 687 2151 698 —

848 781 1167 854 Presbiter
1198 779 1413 853 Sancti
1452 779 1783 852 Laurencii
2738 782 2922 851 XVIII
2964 782 3028 848 d.

842 899 984 966 Duo
1013 893 1350 987 presbiteri
1381 898 1460 966 de
1495 897 1730 965 Sancto
1752 896 1972 977 Paulo,
2006 892 2275 984 quilibet
2738 894 2865 960 XXI
2897 893 2963 960 d.

845 1008 1167 1081 Presbiter
1197 1012 1275 1081 de
1307 1013 1542 1080 Sancto
1579 1014 1876 1080 Karonno
2746 1009 2872 1075 XVI
2907 1008 2975 1073 d.

845 1122 1167 1194 Presbiter
1205 1122 1419 1194 Sancti
1481 1120 1802 1193 Michaelis
1832 1123 1912 1193 de
1951 1134 2130 1213 porta
2184 1118 2421 1190 Parisia
2458 1122 2654 1190 Aure-

932 1237 1121 1308 lianis
2286 1269 2289 1272 ’
2746 1238 2793 1304 lI
2827 1259 2879 1304 s.
2921 1237 2995 1303 III
3030 1236 3090 1303 d.

845 1352 1164 1425 presbiter
1196 1350 1413 1422 Sancti
1451 1350 1780 1423 Vincencii
1814 1351 1878 1421 in
1922 1351 2126 1423 vineis
2747 1354 2820 1419 IX
2855 1366 2922 1417 u.

842 1466 1166 1538 Presbiter
1200 1464 1418 1537 Sancti
1459 1464 1792 1537 Benedicti
1834 1468 1914 1537 de
1948 1470 2230 1537 Returno
2740 1466 2840 1532 XII
2867 1466 2935 1531 d.

841 1578 1164 1652 Presbiter
1202 1579 1416 1651 Sancti
1457 1579 1754 1671 Lipbardi
2743 1580 2870 1646 XIII
2900 1579 2968 1646 d.

841 1693 1163 1766 Presbiter
1201 1694 1414 1765 Sancti
1456 1693 1734 1765 Mauricii
2739 1694 2841 1760 XII
2873 1694 2940 1759 d.

840 1807 1162 1880 Presbiter
1186 1810 1266 1879 de
1307 1807 1506 1879 Ulmis
1533 1831 1648 1899 pro
1690 1808 1921 1879 sinodo
2740 1809 2844 1874 XII
2869 1808 2932 1874 d.

840 1925 997 1993 Item
1038 1904 1562 2014 idem’presbiter
1596 1946 1708 2013 pro
1749 1935 2087 2014 patronatu
2735 1923 2784 1991 V
2825 1943 2879 1989 s.

931 2040 1190 2106 Somma
1231 2038 1444 2106 tocius
1483 2035 1711 2128 synodi
1747 2038 1853 2106 IIII
1895 2035 2053 2107 libre
2093 2039 2170 2105 XI
2209 2056 2266 2105 s.
2309 2037 2441 2105 VIII
2475 2035 2538 2104 d.

837 2154 995 2222 Item
1057 2149 1406 2242 capitulum
1469 2153 1548 2222 de
1592 2150 1928 2235 Cleriaco¹‚
1969 2149 2291 2221 dominica
2340 2172 2470 2240 qua
2509 2160 2802 2220 cantatur
2852 2148 3073 2234 Quasi-

943 2267 1159 2352 modo‚
1200 2269 1295 2335 XL
1328 2264 1518 2336 solid.

836 2488 994 2555 Item
1035 2482 1531 2576 archipresbiter
1564 2484 1903 2556 consuevit
1950 2484 2278 2577 percipere
2338 2489 2538 2557 letum
2583 2483 2893 2555 Iurnitum
2943 2507 3080 2557 cum

924 2597 1223 2668 luminari
1253 2611 1317 2669 et
1367 2599 1816 2670 oblacionibus
1844 2599 1907 2668 in
1947 2599 2122 2671 obitu
2155 2600 2502 2691 cujuslibet
2537 2598 2876 2692 presbiteri
2908 2602 3080 2690 cujus

925 2711 1331 2784 intronizatio
1358 2712 1634 2804 pertinet
1663 2716 1742 2784 ad
1782 2711 2414 2806 archipresbiterum.

836 2833 989 2902 Item
1023 2831 1626 2921 quomodocumque
1686 2827 1895 2919 aliqua
1924 2828 2200 2900 ecclesia
2232 2845 2439 2914 vacet,
2462 2831 2648 2919 cujus
2673 2828 3081 2900 intronizacio

926 2945 1203 3035 pertinet
1257 2944 1336 3013 ad
1390 2942 2021 3033 archipresbiterum,
2091 2943 2225 3014 sive
2290 2965 2401 3034 per
2456 2956 2731 3016 mortem
2786 2943 2924 3014 sive
2977 2964 3081 3034 per

925 3055 1475 3149 permutacionem
1516 3070 1625 3126 aut
1663 3055 1821 3127 alias
1855 3060 2334 3147 quoquomodo,
2366 3057 2872 3150 archipresbiter
2902 3060 3077 3128 habet

923 3173 1263 3265 deportum
1291 3193 1437 3241 cum
1470 3173 1927 3242 emolumentis
1957 3194 2072 3263 per
2106 3173 2529 3264 quadraginta
2559 3172 2723 3245 dies.

835 3289 988 3358 Item
1030 3290 1088 3358 si
1121 3289 1335 3376 aliqua
1374 3284 1796 3357 ecclesiarum
1838 3287 2207 3377 hujusmodi
2245 3301 2426 3357 vacat
2467 3290 2709 3358 Pascha
2749 3301 2813 3358 et
2853 3291 3071 3359 testum

925 3400 1229 3472 Omnium
1260 3403 1665 3483 Sanctorum,
1701 3398 1837 3471 sive
1869 3422 2142 3491 persona
2174 3398 2275 3470 cui
2308 3404 2635 3473 confertur
2654 3401 2795 3494 ipsa
2812 3405 3075 3476 ecclesia

924 3514 1009 3586 sit
1046 3515 1111 3584 in
1149 3514 1351 3586 sacris
1390 3515 1523 3586 sive
1564 3537 1718 3600 non,
1755 3516 2040 3586 decanus
2069 3518 2264 3586 habet
2287 3518 2447 3586 duas
2480 3531 2687 3607 partes
2712 3540 3070 3609 grossorum

925 3631 1246 3700 fructuum
1284 3642 1348 3699 et
1378 3628 1874 3721 archipresbiter
1901 3630 2161 3702 terciam
2204 3644 2471 3722 partem,
2508 3643 2573 3701 et
2597 3630 2838 3701 faciunt
2869 3635 3073 3705 deser-

922 3741 1052 3813 vire
1079 3743 1357 3813 ecclesie
1395 3766 1507 3833 pro
1541 3757 1676 3813 rata
1720 3746 2004 3815 decanus
2046 3757 2112 3815 et
2135 3743 2652 3835 archipresbiter.

833 3860 990 3927 ltem
1025 3860 1607 3947 quomodocunque
1646 3860 1860 3948 aliqua
1897 3859 2318 3929 ecclesiarum
2350 3857 2718 3949 hujusmodi
2744 3875 2930 3931 vacet
2955 3858 3075 3931 sive

921 3993 1034 4061 per
1074 3985 1345 4043 mortem
1385 3970 1518 4042 sive
1560 3994 1671 4061 per
1713 3971 2264 4062 permutacionem
2299 3986 2407 4042 aut
2446 3970 2628 4056 aliaS‚
2670 3995 3076 4066 quocumque

924 4099 1211 4176 tempore
1238 4099 1443 4170 vacet,
1476 4084 1529 4156 si
1559 4108 1834 4176 persona
1864 4083 1968 4156 cui
2003 4092 2329 4158 contertur
2367 4085 2506 4178 ipsa
2536 4089 2813 4158 ecclesia
2844 4110 2974 4158 non
3001 4088 3077 4159 sit

901 4410 919 4442 ¹
963 4409 1088 4464 Ceci
1113 4414 1197 4463 est
1220 4408 1289 4463 de
1319 4408 1387 4462 de
1425 4408 1477 4462 la
1506 4410 1691 4462 meme
1720 4407 1966 4463 ecriture
1995 4424 2104 4479 que
2141 4408 2193 4462 le
2221 4413 2390 4473 reste,
2419 4407 2558 4461 mais
2575 4408 2763 4462 n’etait
2801 4407 3077 4471 certaine-

830 4502 985 4551 ment
1009 4512 1107 4569 pas
1137 4496 1276 4551 dans
1306 4496 1358 4550 le
1397 4496 1553 4550 vieux
1574 4496 1731 4552 livre.
1765 4497 1840 4550 Le
1868 4496 2046 4567 doyen
2073 4497 2124 4551 le
2155 4496 2213 4549 fit
2245 4496 2464 4565 ajouter
2514 4497 2547 4550 a
2594 4495 2647 4550 la
2698 4496 2860 4567 copie
2915 4496 2988 4567 (so
3020 4496 3071 4562 8)

827 4588 993 4657 apres
1032 4587 1086 4641 Ia
1122 4601 1339 4641 somme
1368 4585 1466 4642 des
1493 4592 1703 4642 autres,
1737 4586 1813 4640 Ge
1839 4585 2089 4656 chapitre
2118 4585 2302 4640 venait
2357 4584 2532 4640 d'etre
2587 4585 2757 4641 fonde
2795 4602 2867 4642 en
2913 4585 3071 4642 1302.

828 4674 912 4731 De
944 4677 1129 4731 meme
1151 4674 1278 4747 plus
1302 4676 1458 4748 haut,
1480 4692 1538 4746 p.
1570 4673 1695 4732 539.
