3485 5571
1731 626 2089 690 —188-

781 754 949 844 quod
993 754 1271 824 dilectus
1301 753 1783 824 concanonicus
1810 768 2031 825 noster
2058 758 2336 826 Herveus
2368 753 2610 841 Morini,
2666 777 2778 846 pro
2818 777 3024 827 reme·

780 867 888 938 dio
917 865 1131 937 anime
1161 889 1275 937 sue
1315 880 1380 936 et
1410 890 1700 951 suorum,
1745 871 2004 939 domum
2046 891 2171 960 que
2236 867 2352 939 fuit
2405 872 2653 942 Andree
2718 867 3023 955 BritoniS,

780 982 1107 1071 quondam
1150 977 1506 1050 sacerdotis
1579 994 1643 1050 et
1689 979 2115 1051 concanonici
2166 982 2407 1063 nostri,
2480 992 2545 1050 et
2597 977 2714 1050 tria
2766 994 3026 1071 arpenta

779 1093 1107 1165 vinearum
1148 1116 1274 1184 que
1313 1107 1465 1164 sunt
1490 1096 1661 1184 apud
1720 1098 2078 1166 Ordeacum
2123 1110 2436 1180 montem,
2479 1092 2757 1166 ecclesie
2797 1098 3024 1165 Sancte

778 1207 1000 1278 Crucis
1040 1208 1311 1279 contulit
1370 1210 1458 1278 ita
1525 1211 1701 1299 quod
1770 1210 1911 1279 Odo
1979 1208 2313 1295 diaconuS,
2358 1210 2633 1279 clericus
2691 1210 2860 1299 ejuS,
2908 1223 3030 1279 tam

782 1322 1046 1391 domum
1091 1320 1440 1411 predictam
1481 1344 1670 1412 quam
1727 1320 1944 1392 vineas
2019 1315 2107 1391 in*
2151 1324 2273 1392 vita
2355 1344 2469 1392 sua
2547 1319 2903 1412 possideat,
2974 1335 3035 1392 et

780 1436 1007 1506 exinde
1046 1435 1321 1526 singulis
1372 1435 1560 1507 annis
1607 1434 1893 1527 quinque
1941 1434 2185 1506 solidos
2255 1434 2738 1507 Aurelianensis
2780 1448 3034 1507 monete

783 1547 1062 1640 capitulo
1104 1552 1447 1640 persolvat,
1516 1564 1580 1620 et
1644 1549 1707 1619 in
1766 1547 2193 1642 presbiterum
2277 1551 2613 1620 ordinatus
2686 1551 2767 1620 ad
2842 1553 3037 1620 altare

785 1663 1299 1755 prothomartiris
1340 1663 1649 1755 Stephani
1710 1687 1826 1756 pro
1857 1664 2143 1736 remedio
2217 1661 2428 1735 anime
2486 1662 2752 1755 predicti
2818 1662 3036 1735 Hervei

783 1776 993 1847 divina
1035 1780 1340 1863 celebret,
1384 1778 1468 1848 ita
1502 1778 1694 1850 etiam
1740 1781 1911 1868 quod
1990 1792 2135 1870 post
2201 1776 2444 1849 obitum
2514 1776 2720 1870 ipsius
2797 1780 3039 1850 Odonis

783 1888 945 1959 alius
988 1893 1291 1960 sacerdos
1335 1914 1370 1962 a
1427 1889 1706 1981 capitulo
1784 1891 2023 1961 ibidem
2086 1889 2453 1961 successive
2531 1889 2593 1959 in
2662 1903 3037 1981 perpetuum

782 2003 1156 2074 instituatur
1195 2026 1310 2095 pro
1344 2003 1557 2075 anima
1590 2004 1815 2095 prefati
1885 2002 2106 2076 Hervei
2170 2003 2379 2075 divina
2447 2002 2682 2074 ibidem
2759 2005 3037 2075 celebra-

784 2130 991 2201 turus,
1038 2131 1103 2189 et
1142 2141 1256 2211 pro
1296 2120 1654 2211 prescripta
1695 2122 1893 2190 domo
1922 2134 1987 2190 et
2024 2121 2231 2189 tribus
2283 2120 2571 2210 arpentis
2625 2116 2689 2187 in
2745 2120 3037 2209 recogni-

790 2229 1034 2303 tionem
1068 2232 1191 2303 sibi
1234 2237 1450 2306 collati
1476 2233 1774 2306 beneficii
1815 2256 2092 2305 annuam
2132 2232 2415 2325 quinque
2463 2231 2816 2303 solidorum
2856 2231 3037 2323 capi-

792 2348 927 2415 tulo
957 2346 1326 2418 redditurus
1375 2347 1781 2441 pensionem.
1839 2353 1967 2419 Nos
2023 2362 2236 2418 autem
2293 2348 2371 2418 ad
2429 2368 2659 2438 preces
2728 2345 3037 2437 sepedicti

792 2463 1011 2532 Hervei
1041 2465 1120 2533 de
1159 2464 1441 2555 predicta
1485 2466 1677 2535 domo
1718 2478 1782 2535 et
1822 2462 2028 2534 vineis
2065 2465 2377 2555 prelatum
2405 2464 2696 2533 Odonem
2724 2464 2847 2532 sub
2888 2484 3037 2553 pre-

786 2574 955 2645 dicte
985 2577 1380 2649 conditionis
1416 2577 1779 2668 adiectione
1809 2576 2273 2649 investivimus.
2312 2579 2386 2648 Et
2414 2600 2494 2648 ne
2534 2580 2655 2647 hoc
2701 2575 3039 2647 oblivionis

786 2686 1194 2760 incommodo
1224 2695 1318 2762 vel
1345 2691 1771 2763 dissentionis
1791 2694 2094 2762 scandalo
2121 2691 2315 2762 deleri
2341 2695 2545 2762 valeat
2575 2689 3036 2782 velperturbari

787 2801 1014 2875 litteris
1052 2806 1342 2877 annotari
1382 2820 1445 2878 et
1505 2806 1695 2898 sigilli
1745 2807 1945 2878 nostri
2007 2805 2360 2877 munimine
2422 2805 2695 2878 fecimus
2725 2805 3031 2880 roborari.

787 2923 1011 2988 Actum
1093 2920 1345 3009 publice
1433 2921 1495 2989 in
1583 2920 1794 3011 vigilia
1880 2924 2121 2992 Pasche
2205 2943 2373 2991 anno
2456 2919 2643 2992 Verbi
2728 2918 3035 2991 incarnati

787 3035 1225 3115 MCLXXXVII,
1271 3032 1581 3105 ordinatis
1621 3034 1683 3104 in
1738 3032 2013 3106 ecclesia
2076 3048 2290 3105 nostra
2335 3033 2681 3125 maJoribus
2746 3033 3038 3126 personis

788 3149 1050 3236 Hugone
1084 3148 1355 3233 decano,
1403 3151 1650 3219 Andrea
1687 3162 1975 3232 cantore,
2020 3150 2283 3219 Letoldo
2323 3150 2720 3234 subdecano,
2754 3152 3039 3220 Manasse

786 3258 1132 3350 capicerio.

1864 3605 1980 3665 CV!

1575 3853 1656 3910 1⁰¹·
1686 3849 2048 3910 novembre
2077 3845 2237 3908 1190

786 4081 1064 4148 L'eveque
1107 4077 1400 4135 d’Orleans
1448 4077 1670 4133 declaro
1716 4076 1872 4131 avoir
1917 4092 1986 4132 en
2040 4092 2176 4146 gage
2223 4076 2276 4130 la
2325 4075 2520 4130 mairie
2576 4073 2646 4128 de
2701 4074 2842 4142 Bou,
2896 4088 3036 4144 pour

854 4176 927 4233 30
955 4177 1121 4232 livres
1150 4192 1261 4247 que
1290 4175 1580 4246 Regnaud‚
1615 4174 1793 4229 maire
1832 4172 2060 4242 decede,
2087 4173 2167 4228 lui
2222 4171 2427 4241 devait'„
2458 4177 2512 4226 et
2539 4169 2773 4226 accorde
2802 4169 3033 4226 certains

856 4289 1086 4329 secours
1114 4273 1147 4328 a
1173 4289 1234 4328 sa
1259 4288 1433 4327 veuve
1460 4278 1516 4328 et
1542 4272 1574 4326 a
1603 4287 1694 4326 ses
1722 4269 1962 4325 enfantS.

1247 4418 1435 4489 (Orig.
1468 4435 1513 4475 S.
1547 4417 1742 4489 parch.
1776 4417 1948 4472 Arcb.
1980 4415 2058 4471 du
2090 4415 2295 4484 Loiret,
2320 4415 2387 4470 G.
2420 4413 2573 4484 385).

875 4637 1007 4724 Ego
1038 4632 1372 4719 Henricus,
1416 4630 1534 4701 ltei
1576 4629 1776 4720 gratia
1815 4626 2291 4700 Aurelianensis
2320 4626 2691 4720 episcopuS,
2736 4626 3033 4697 omnibns
