3485 5571
1386 1081 1759 1142 CLxxxvn

1222 1318 1227 1325 .
1277 1357 1648 1421 Novembre
1693 1355 1851 1422 1220

840 1607 1034 1666 Meme
1071 1616 1190 1666 acte
1221 1608 1291 1666 de
1329 1609 1585 1682 Geoffroy
1615 1610 1835 1681 Borrel,
1866 1611 2015 1667 clerc
2052 1609 2122 1667 de
2152 1609 2287 1666 Bou.

873 1756 1052 1828 (Orig.
1085 1772 1185 1812 sur
1222 1756 1416 1830 parch.
1457 1757 1628 1813 Arch.
1656 1755 1732 1811 du
1760 1756 1969 1825 Loiret,
2003 1758 2073 1815 G.
2104 1757 2258 1828 385).

522 1972 970 2056 Thescelinus‚
1006 1971 1299 2044 officialis
1340 1971 1517 2044 curie
1544 1970 2050 2057 Aurelianensis,
2087 1973 2389 2045 omnibus
2410 1996 2686 2066 presen-

433 2102 538 2159 tes
569 2086 812 2158 litteras
853 2084 1241 2178 inspecturis
1280 2089 1551 2158 salutem
1591 2085 1656 2156 in
1685 2086 1986 2158 Domino.
2020 2084 2275 2157 Noverit
2300 2084 2687 2158 universitas

424 2216 643 2273 vestra
665 2204 863 2292 quod,
893 2202 1241 2294 R[obertoj
1286 2202 1365 2272 de
1403 2199 1853 2293 Marceissiaco]
1899 2199 2212 2272 canonico
2248 2199 2686 2273 Aurelianensi

434 2338 559 2408 pro
590 2316 871 2408 capitulo
894 2314 1356 2397 Aurelianensi,
1386 2328 1449 2386 et
1472 2314 1772 2386 Gausrido
1789 2314 2077 2396 Borreni,
2112 2313 2348 2386 clerico
2369 2316 2449 2386 de
2477 2307 2684 2401 Rullo,

439 2453 559 2522 pro
598 2452 672 2501 se
718 2452 934 2501 coram
960 2429 1146 2500 nobis
1186 2427 1249 2498 in
1284 2430 1428 2520 jure
1464 2427 1859 2510 constitutis,
1885 2430 2058 2499 idem
2093 2426 2430 2500 Gaufridus
2458 2452 2683 2521 recog-

430 2546 615 2615 novit
651 2546 821 2635 quod
870 2544 1439 2635 compositionem,
1481 2565 1669 2635 quam
1715 2541 2009 2613 homines
2043 2541 2149 2634 qui
2192 2540 2408 2614 vineas
2450 2546 2686 2615 babent

429 2657 494 2728 in
538 2659 882 2749 parocchia
922 2659 1003 2729 de
1055 2657 1317 2728 Marzeio
1376 2660 1662 2727 fecerant
1719 2678 1866 2725 cum
1907 2654 2188 2747 capitulo
2237 2654 2682 2728 Aurelianensi

428 2794 630 2862 super
676 2769 948 2842 decimis
1009 2772 1377 2842 earumdem
1440 2768 1794 2852 vinearum,
1858 2793 1979 2843 nec
2038 2772 2497 2863 approbaverat
2564 2794 2683 2843 nec

425 2888 850 2977 approbabat,
905 2907 1026 2956 nec
1084 2883 1321 2956 dictam
1375 2883 1911 2975 compositionem
1969 2886 2221 2956 volebat
2270 2882 2673 2975 aliquatenus

425 3003 774 3071 observare
818 3023 838 3084 ;
889 2998 1101 3071 dictus
1152 3014 1365 3070 autem
1408 2997 1751 3069 Gautridus
1796 3001 1876 3070 de
1931 2998 2218 3089 quotibet
2281 2997 2497 3069 modio
2549 2998 2678 3069 vini

425 3117 598 3206 quod
640 3128 858 3186 cetero
890 3113 1227 3185 habiturus
1273 3129 1407 3184 erat
1445 3113 1509 3183 in
1544 3111 1883 3204 parocchia
1912 3115 1994 3184 de
2024 3110 2310 3199 Marzeio,
2355 3111 2420 3183 in
2476 3112 2688 3185 tribus

425 3224 770 3319 quarteriis
821 3225 1150 3298 vinearum
1193 3225 1336 3297 sitis
1365 3224 1428 3296 in
1457 3229 1602 3298 loco
1639 3224 1745 3318 qui
1790 3225 2023 3297 dicitur
2051 3228 2355 3297 Rondeau
2396 3225 2459 3296 in
2501 3226 2678 3298 deci·

426 3341 713 3413 matione
739 3339 962 3432 prefati
1000 3338 1260 3432 capituli
1293 3362 1390 3421 se,
1434 3362 1624 3410 unam
1658 3343 1947 3430 lagenam
1972 3338 2160 3410 annis
2202 3339 2474 3430 singulis
2503 3341 2677 3411 solu·

425 3471 643 3527 turum
686 3453 1071 3545 repromisit.
1117 3458 1185 3524 In
1233 3457 1417 3545 cujus
1452 3452 1540 3526 rei
1574 3450 2013 3525 testimonium
2056 3468 2390 3545 presentes
2430 3453 2675 3525 litteras

421 3567 657 3641 confici
697 3583 761 3639 et
802 3567 1115 3658 presentis
1145 3566 1332 3659 sigini
1373 3567 1641 3639 fecimus
1680 3565 2035 3638 munimine
2091 3565 2398 3639 roborari.
2444 3574 2670 3638 Actum

419 3705 593 3756 anno
631 3682 890 3753 Domini
930 3683 1084 3752 MCC
1117 3679 1450 3765 vicesimo,
1481 3703 1703 3752 mense
1742 3679 2097 3752 novembri.
