3485 5571
1706 677 2060 742 —364—

1759 1038 2009 1099 CCLXX

1704 1319 1875 1379 Mars
1942 1315 2099 1379 1244

820 1543 1072 1600 Manasse
1091 1543 1161 1599 de
1191 1542 1443 1599 Pomiers
1471 1542 1615 1598 vend
1642 1559 1714 1599 au
1742 1543 1993 1615 chapitre
2022 1558 2166 1613 pour
2183 1542 2256 1598 20
2275 1543 2442 1599 livres
2471 1544 2670 1615 parisis
2698 1542 2752 1598 la
2779 1544 2921 1598 dime

891 1640 1026 1712 qu’il
1056 1639 1294 1711 possede
1330 1655 1430 1696 sur
1451 1639 1507 1695 la
1537 1640 1726 1697 moitie
1757 1639 1925 1695 d’une
1955 1640 2227 1695 charruee
2256 1640 2325 1696 de
2354 1645 2504 1695 terre
2527 1641 2559 1695 a
2585 1640 2862 1695 Pomiers.

1212 1783 1386 1853 (Orig.
1420 1800 1465 1838 s.
1499 1782 1690 1855 parch.
1741 1783 1911 1839 Arch.
1947 1783 2022 1838 du
2050 1782 2262 1853 Loiret‚
2304 1783 2370 1839 G.
2403 1781 2556 1853 329).

851 1999 1173 2071 Omnibus
1203 2012 1541 2089 presentes
1565 1999 1807 2070 litteras
1838 1997 2227 2090 inspecturis
2279 1997 2568 2071 officialis
2597 2000 2776 2071 curie
2815 2003 2991 2071 Aure-

762 2111 1070 2185 lianensis
1106 2115 1381 2184 salutem
1428 2110 1492 2182 in
1539 2110 1841 2183 Domino.
1884 2113 2188 2184 Noverint
2241 2110 2519 2184 universi
2555 2113 2727 2203 quod
2767 2117 2995 2184 Manas-

759 2248 866 2298 ses
905 2227 986 2297 de
1020 2229 1278 2311 Pomes,
1333 2224 1544 2312 miles,
1584 2240 1650 2297 et
1695 2228 1891 2297 Adeta
1931 2227 2078 2318 ejus
2117 2248 2272 2296 uxor
2309 2224 2376 2295 in
2411 2239 2631 2296 nostra
2678 2224 2990 2317 presentia

759 2340 1097 2413 constituti
1140 2353 1337 2411 totam
1378 2338 1694 2411 decimam
1732 2362 1916 2411 suam
1968 2363 2161 2430 quam
2202 2342 2523 2411 habebant
2551 2339 2616 2410 in
2657 2339 2993 2412 medietate

758 2457 1092 2545 cujusdam
1114 2476 1428 2546 quarruce
1453 2467 1622 2525 terre
1661 2453 1784 2525 site
1813 2455 1981 2546 apud
2011 2457 2243 2525 Pomes
2265 2456 2284 2489 ¹
2310 2453 2374 2524 in
2416 2453 2747 2546 parrochia
2786 2456 2866 2526 de
2906 2454 2996 2526 Gi-

739 2569 945 2641 ·diaco
985 2592 1100 2661 pro
1141 2568 1364 2660 viginti
1413 2566 1590 2640 libris
1643 2567 2128 2661 parisiensium,
2172 2573 2253 2640 de
2283 2567 2517 2660 quibus
2560 2591 2631 2640 se
2663 2583 2998 2641 tenuerunt

759 2706 973 2756 coram
1040 2682 1231 2755 nobis
1269 2672 1518 2775 integre
1558 2706 1670 2775 pro
1715 2682 1963 2775 pagatis
2021 2681 2085 2753 in
2120 2681 2393 2774 pecunia
2448 2695 2809 2764 numerata,
2851 2681 2992 2754 viris

755 2797 1232 2871 venerabilibus
1261 2812 1325 2871 et
1378 2797 1682 2869 discretis
1722 2801 1966 2870 decano
2004 2813 2068 2870 et
2106 2797 2386 2889 capitulo
2437 2796 2993 2870 Aurelianensibus

755 2911 1183 2985 vendiderunt
1212 2926 1276 2984 et
1301 2926 1794 2998 concesserunt,
1838 2913 1958 2984 sibi
1989 2926 2054 2985 et
2092 2914 2467 2984 eorumdem
2507 2912 2990 2985 successoribus

757 3028 821 3097 in
852 3040 1235 3120 perpetuum
1292 3026 1555 3118 pacifice
1594 3025 2053 3118 possidendam
2091 3038 2156 3098 et
2199 3029 2715 3118 percipiendam,
2764 3030 2891 3100 fide
2926 3031 2987 3097 in

761 3162 953 3211 manu
996 3153 1212 3212 nostra
1261 3162 1458 3231 super
1495 3141 1621 3212 hoc
1681 3139 1945 3231 prestita
2002 3137 2452 3231 promittentes
2490 3140 2661 3228 quod
2722 3138 2787 3209 in
2832 3139 2991 3209 diota

762 3266 890 3325 tota
919 3256 1168 3325 decima
1201 3256 1347 3345 jure
1386 3253 1671 3325 dotalicii
1712 3275 1826 3325 seu
1860 3252 1987 3324 alio
2025 3275 2433 3344 quocumque
2464 3255 2613 3345 jure
2655 3275 2768 3343 per
2804 3275 2876 3324 se
2905 3254 2992 3324 vel

759 3388 873 3458 per
911 3366 1094 3452 alioS,
1135 3376 1311 3439 etc...
1358 3365 1696 3440 Mauricius
1735 3390 1884 3439 vero
1944 3380 2009 3438 et
2060 3370 2405 3451 Robertus,
2445 3365 2631 3438 liberi
2684 3366 3001 3438 dictorum

758 3484 1045 3552 manasse
1078 3494 1144 3553 et
1180 3485 1321 3574 ejus
1354 3482 1590 3568 uxoris,
1636 3466 1873 3552 dictam
1911 3479 2360 3552 vendicionem
2390 3503 2608 3552 coram
2649 3482 2842 3552 nobis
2884 3503 2997 3552 vo-

757 3596 1039 3678 luerunt,
1079 3596 1495 3665 laudaverunt
1535 3607 1600 3665 et
1638 3606 2107 3665 concesserunt
2135 3613 2250 3685 per
2277 3595 2467 3665 fidem
2499 3615 2683 3665 suam
2712 3592 3011 3678 injmanu

757 3719 979 3776 nostra
1009 3728 1210 3797 super
1240 3709 1364 3777 hoc
1403 3705 1762 3797 prestitam,
1806 3704 2255 3798 promittentes
2294 3708 2464 3797 quod
2500 3718 2724 3777 contra
2765 3706 3011 3777 dictam

757 3817 1190 3890 venditionem
1243 3841 1356 3910 per
1394 3843 1466 3891 se
1496 3824 1592 3891 vel
1645 3842 1759 3910 per
1792 3819 1952 3891 alios
1993 3821 2212 3891 venire
2250 3819 2314 3889 in
2351 3832 2680 3910 posterum
2731 3820 3020 3891 nullate·

757 3955 880 4003 nus
917 3936 1345 4024 acceptabunt
1397 3955 1520 4006 nec
1567 3933 1630 4004 in
1675 3934 1845 4006 dicta
1883 3933 2132 4006 decima
2197 3933 2394 4004 nichil
2433 3936 2513 4004 de
2564 3944 2782 4005 cetero
2812 3935 3028 4004 recla-

758 4049 1046 4116 mabunt.
1086 4049 1227 4118 Odo
1277 4070 1425 4119 vero
1482 4049 1562 4119 de
1600 4051 1856 4132 Pomes,
1924 4050 2224 4139 armiger,
2273 4046 2383 4138 qui
2432 4046 2688 4118 dicebat
2749 4068 2821 4118 se
2860 4063 3027 4119 esse

764 4158 1033 4251 primum
1064 4163 1396 4233 dominum
1425 4162 1592 4233 feodi
1617 4161 1788 4235 dicte
1812 4175 2003 4247 terre,
2045 4175 2111 4234 et
2141 4166 2305 4234 Gazo
2336 4160 2613 4253 armiger
2634 4163 2715 4232 de
2741 4165 3023 4238 pomos,

754 4274 863 4365 qui
905 4297 975 4346 se
1017 4276 1276 4348 dicebat
1312 4298 1461 4349 esse
1498 4279 1858 4348 secundum
1896 4279 2232 4349 dominnm
2275 4276 2443 4349 feodi
2485 4275 2658 4348 dicte
2699 4290 2896 4361 terre,
2940 4283 3024 4346 et

755 4386 1141 4478 Raginaldus
1181 4393 1430 4472 Pocart‚
1472 4389 1684 4472 miles,
1727 4390 1834 4481 qui
1875 4413 1947 4462 se
1993 4393 2255 4462 dicebat
2295 4411 2448 4461 esse
2481 4391 2753 4461 tercium
2790 4389 3022 4460 domi-

827 4697 845 4731 ¹
885 4699 1163 4755 Pomiers.
