3485 5571
1817 577 2093 639 -2-

830 709 1002 800 tegis
1051 710 1422 799 capellanus
1500 720 1565 777 et
1640 704 1916 777 clericus
2003 719 2246 789 noster,
2297 707 2700 798 praesentiam
2786 724 3053 782 nostram

829 822 1011 907 adiit,
1055 825 1388 913 postulans
1413 835 1482 891 ut
1518 824 1838 913 quandam
1868 823 2127 891 domum
2157 844 2347 910 quam
2377 819 2513 912 ipse
2543 838 2691 894 ante
2728 824 3054 896 ecclesiam

832 942 1079 1008 Sanctae
1138 940 1389 1019 Crucis,
1431 920 1614 1006 muro
1654 934 1929 1006 civitatis
1997 933 2389 1025 contiguam,
2442 937 2742 1035 habebat,
2773 940 2850 1007 ab
2888 939 3053 1008 omni

828 1075 1031 1124 censu
1059 1066 1123 1123 et
1167 1050 1663 1135 consuetudine,
1706 1073 1896 1140 quam
1945 1052 2176 1119 domus
2208 1047 2313 1119 illa
2370 1071 2484 1140 per
2539 1048 2827 1141 singulos
2866 1075 3058 1123 annos

825 1165 1133 1258 episcopo
1176 1167 1602 1258 persolvebat,
1672 1162 1787 1235 Dei
1829 1177 1893 1235 et
1929 1162 2131 1234 nostri
2167 1161 2366 1254 gratia
2393 1163 2834 1236 liberaremus.
2869 1169 3053 1258 Cujus

829 1279 1120 1372 petitioni
1177 1278 1674 1361 satisfacientes»,
1727 1280 1990 1348 domum
2046 1274 2218 1347 illam
2266 1291 2392 1347 tam
2432 1275 2552 1370 ipsi
2593 1301 2784 1370 quam
2839 1278 3058 1352 ceteris

827 1394 1131 1466 omnibus
1184 1394 1292 1485 qui
1334 1407 1480 1486 post
1507 1392 1718 1485 ipsum
1782 1414 1920 1463 eam
1987 1404 2138 1461 sunt
2200 1390 2507 1474 habituri,
2575 1391 2839 1464 liberam
2899 1394 3061 1464 omni

829 1532 1031 1580 censu
1101 1523 1165 1580 et
1251 1504 1720 1579 consuetudine
1794 1504 2009 1596 quiete
2105 1503 2521 1576 obtinendam
2600 1506 3062 1593 concessimus»,

828 1624 1168 1714 ipsamque
1214 1622 1495 1715 quietam
1560 1641 1731 1699 esse,
1777 1618 1947 1690 sicut
2002 1633 2232 1691 ceterae
2273 1623 2646 1693 claustrales
2697 1636 2869 1704 sunt,
2931 1644 3065 1694 esse

740 1754 745 1759 ·
832 1740 1024 1809 etiam
1094 1740 1355 1808 domum
1420 1735 1682 1806 claustri
1750 1732 2219 1825 imperpetuum
2296 1733 2666 1809 statuimus,
2742 1739 2926 1821 Quod
2994 1760 3065 1809 ue

827 1865 1051 1940 posset
1077 1847 1398 1955 oblivione
1421 1851 1646 1935 deleri,
1676 1871 1794 1919 seu
1830 1871 1864 1918 a
1894 1846 2169 1939 posteris
2203 1846 2439 1919 nostris
2470 1848 2798 1933 infirmari,
2832 1849 3057 1942 placuit

828 1962 1016 2036 nobis
1061 1978 1124 2036 et
1184 1962 1414 2036 litteris
1453 1963 1692 2034 nostris
1718 1964 2176 2033 commendare
2214 1976 2279 2033 et
2321 1960 2515 2053 sigilli
2568 1961 2770 2034 nostri
2800 1964 3065 2036 auctori-

832 2092 959 2150 tate
999 2081 1442 2150 rcoroborare.
2603 2102 2608 2109 ·

917 2197 983 2263 S.
1044 2193 1352 2263 Johanuis
1413 2190 1726 2284 episcopi.
1809 2195 1877 2261 S.
1950 2187 2256 2281 Stephani
2322 2192 2577 2260 decani.
2658 2195 2724 2261 S.
2802 2192 3064 2283 Philippi

831 2304 1139 2376 cantoris,
1172 2309 1240 2375 S.
1285 2304 1728 2375 Archambaldi
1756 2304 2134 2375 subdecani.
2164 2307 2228 2372 S.
2264 2303 2708 2374 Bartholomaei
2748 2305 3063 2396 capicerii.

829 2423 895 2490 S.
966 2418 1201 2509 Algrini
1261 2417 1716 2502 archidiaconi,
1761 2422 1826 2488 S.
1896 2415 2206 2488 Iohannis
2278 2416 2732 2489 archidiaconi.
2787 2423 2853 2489 S.
2939 2424 3071 2490 Ste-

829 2537 1025 2624 phani
1078 2532 1542 2604 archidiaconi.

917 2654 1138 2719 Actum
1222 2648 1577 2720 Aurelianis
1651 2647 1933 2740 publice,
2010 2644 2074 2716 in
2140 2644 2420 2737 capitulo
2496 2651 2744 2720 Sanctae
2821 2649 3064 2731 CruciS,

827 2785 997 2833 anno
1065 2761 1373 2835 incarnati
1449 2762 1637 2834 Verbi
1723 2764 1934 2833 MCXX
2009 2782 2208 2844 non0,
2285 2759 2464 2852 regni
2547 2785 2693 2834 vero
2768 2762 3061 2835 Ludovici

825 2876 993 2965 regis
1041 2881 1250 2961 XXIII,
1289 2877 1464 2968 regni
1523 2892 1734 2950 autem
1779 2875 1890 2947 filii
1922 2879 2061 2967 ejus
2101 2878 2179 2960 ll,
2220 2873 2635 2967 episcopatus
2669 2900 2834 2949 xero
2868 2877 3060 2949 nostri

825 2994 1113 3060 xxxlnt.

912 3107 1068 3175 Data
1107 3128 1218 3197 per
1245 3129 1501 3177 manum
1543 3109 1780 3200 Algrini
1821 3112 2207 3183 cancellarii.

823 3520 877 3575 le
922 3521 993 3576 25
1033 3537 1106 3577 ou
1147 3522 1201 3577 le
1253 3523 1324 3578 30
1377 3538 1526 3576 mars
1573 3523 1894 3594 precedent.
1954 3523 2028 3580 Ge
2078 3529 2210 3579 sont
2237 3524 2526 3593 beaucoup
2573 3519 2643 3577 de
2698 3518 3051 3577 concessions

824 3627 969 3682 pour
1006 3628 1132 3666 oser
1170 3612 1431 3667 trancher
1461 3613 1515 3666 la
1544 3613 1823 3684 question.
1860 3615 2042 3670 L’acte
2096 3615 2250 3686 royul
2298 3610 2733 3683 correspondant
2764 3610 2875 3681 (ch.
2913 3609 3048 3674 XLI)

824 3705 878 3755 et
901 3703 998 3772 qui
1028 3701 1105 3756 lui
1136 3708 1218 3756 cst
1246 3702 1557 3771 posterieur
1599 3709 1683 3756 est
1719 3702 1849 3757 date
1880 3702 1949 3757 de
1990 3703 2146 3775 1130,
2205 3706 2236 3757 a
2266 3702 2475 3770 LorriS,
2533 3706 2697 3756 avant
2750 3701 2802 3755 Ie
2841 3699 2877 3754 3
2902 3701 3047 3754 aout.

823 3825 889 3833 —
918 3790 1215 3858 Luchaire,
1250 3792 1416 3846 Louis
1457 3790 1543 3858 Vl,
1567 3809 1622 3863 p.
1656 3791 1783 3862 214,
1814 3805 1874 3846 ιι·
1901 3792 2031 3847 459.

892 3882 913 3914 2
943 3882 1031 3936 Un
1062 3880 1271 3935 certain
1310 3879 1545 3936 nombre
1600 3881 1804 3936 d’actes
1835 3884 1971 3938 tires
2000 3883 2098 3937 des
2154 3882 2423 3938 Archives
2474 3882 2548 3937 du
2600 3880 2787 3936 Loiret
2841 3884 2938 3934 ont
2974 3879 3054 3931 ete

823 3971 1041 4043 publies
1070 3971 1139 4026 ici
1169 3968 1388 4040 d'apres
1418 3970 1499 4024 les
1536 3971 1721 4042 copies
1755 3971 1822 4026 de
1850 3974 1922 4028 M.
1952 3971 2172 4041 Doinel,
2203 3971 2471 4027 autrefois
2501 3970 2797 4025 archiviste
2828 3970 2904 4023 du
2936 3966 3052 4022 Loi-

821 4067 926 4127 ret,
955 4061 1051 4131 qui
1083 4061 1225 4115 avait
1248 4060 1463 4129 neglige
1492 4061 1579 4130 d’y
1605 4061 1841 4116 inscrire
1870 4061 1923 4117 Ia
1961 4068 2102 4117 cote.
2134 4064 2205 4118 ‹Je
2236 4064 2343 4118 n'ai
2375 4079 2472 4133 pas
2520 4079 2620 4117 cru
2651 4059 2838 4115 devoir
2874 4058 3060 4128 priver

821 4152 873 4206 Ia
922 4153 1179 4222 presente
1212 4149 1555 4220 publication
1585 4151 1656 4204 de
1694 4151 1931 4206 certains
1961 4152 2030 4207 de
2055 4169 2146 4206 ces
2175 4157 2344 4218 acteS,
2378 4152 2511 4207 bien
2539 4167 2650 4222 que
2678 4165 2747 4204 ne
2786 4148 2867 4201 les
2899 4150 3053 4216 ayant

820 4257 919 4309 pas
950 4239 1236 4293 retrouves
1266 4254 1372 4294 aux
1403 4239 1667 4293 Archives
1697 4239 1773 4295 du
1802 4240 2007 4296 Loiret.
2062 4241 2140 4295 La
2177 4240 2395 4295 lecture
2427 4242 2497 4296 de
2554 4240 2628 4296 M.
2671 4236 2866 4293 Doinel
2895 4232 3054 4288 meri·

819 4330 916 4384 tait
937 4329 1250 4385 constance.

886 4417 1014 4472 ³Ce
1069 4418 1200 4471 titre
1258 4417 1435 4486 figure
1491 4432 1560 4471 au
1625 4416 1725 4472 dos
1774 4417 1842 4473 de
1905 4417 2206 4488 l’original,
2265 4434 2484 4473 comme
2535 4423 2661 4473 tous
2708 4429 2845 4470 ceux
2885 4414 3054 4484 qu'on

817 4514 1092 4571 trouver-³,
1118 4507 1256 4562 dans
1280 4507 1333 4561 la
1358 4507 1613 4576 presente
1651 4506 2014 4578 publication,
2045 4525 2178 4564 avec
2222 4506 2276 4561 Ia
2312 4507 2497 4563 meme
2525 4504 2852 4579 disposition
2896 4507 3052 4573 typo-

818 4596 1152 4668 graphique.
