3485 5571
1460 676 1776 740 —89—

494 803 768 895 figendis
794 804 1106 888 trabibus,
1145 805 1282 877 sive
1320 803 1384 875 in
1417 804 2008 896 superaedificandis
2061 807 2438 900 parietibus,
2478 809 2612 881 sive
2672 809 2735 879 in

489 917 631 989 aliis
686 917 1052 1010 hujusmodi
1106 942 1524 1010 quaecumque
1557 922 1636 990 ad
1675 919 2161 994 :edificationem
2194 921 2473 1014 ipsarum
2516 926 2741 994 domo-

490 1056 630 1103 rum
675 1030 1039 1103 necessaria
1100 1047 1346 1115 essent,
1388 1047 1695 1124 quantum
1745 1038 1823 1105 ad
1887 1037 2326 1128 episcopatum
2381 1038 2739 1128 pertinebat

492 1146 587 1218 eis
660 1150 1077 1229 concederet,
1118 1150 1292 1239 quod
1359 1148 1445 1219 ita
1506 1148 1678 1220 l'ecit.
1758 1153 1887 1222 Nos
1959 1164 2172 1222 autem
2230 1155 2735 1242 suprascriptam

490 1258 782 1352 praedicti
815 1259 1027 1332 fidelis
1058 1261 1257 1333 nostri
1299 1262 1776 1335 Aurelianensis
1813 1264 2099 1356 episcopi
2141 1263 2632 1337 concessionem
2672 1280 2737 1337 et

491 1378 791 1462 volumus
821 1387 887 1446 et
923 1378 1380 1466 approbamus,
1431 1389 1497 1448 et
1537 1377 1889 1468 majestatis
1939 1393 2177 1450 nostrae
2233 1377 2611 1450 auctoritate
2668 1378 2731 1450 in

491 1502 877 1582 perpetuum
930 1492 1411 1561 confirmamus.
1470 1493 1655 1577 Quod
1724 1514 1807 1564 ne
1868 1495 2074 1565 valeat
2136 1491 2456 1564 oblivione
2507 1491 2730 1578 deleri,

490 1601 736 1695 scripto
784 1602 1427 1688 commendavimus;
1471 1618 1536 1677 et
1573 1628 1654 1677 ne
1715 1603 1924 1698 possit
1985 1630 2022 1678 a
2085 1608 2363 1699 posteris
2401 1605 2732 1692 infirmari,

486 1716 677 1810 sigilli
711 1718 914 1790 nostri
961 1716 1343 1791 auctoritate
1403 1731 1469 1790 et
1516 1719 1799 1792 nominis
1860 1720 2063 1793 nostri
2103 1724 2435 1792 karactere
2488 1724 2736 1792 subter·

490 1831 914 1905 firmavimus.
978 1837 1204 1904 Actum
1270 1832 1551 1905 Parisios
1605 1833 1889 1926 publice,
1953 1857 2124 1907 anno
2164 1833 2477 1906 incarnati
2541 1833 2730 1907 Verbi

486 1951 539 2018 Μ
589 1951 638 2019 C
674 1942 912 2030 XXVII,
953 1945 1134 2038 regni
1187 1946 1393 2019 nostri
1445 1950 1655 2020 XVIII.
1707 1947 2078 2020 Astantibus
2112 1948 2178 2019 in
2214 1948 2449 2039 palatio
2505 1964 2729 2022 nostro

482 2084 757 2151 quorum
794 2061 1052 2132 nomina
1091 2060 1461 2133 subtitulata
1498 2075 1649 2133 sunt
1686 2076 1754 2135 et
1792 2062 1974 2155 signa
2018 2086 2036 2133 ε
2085 2063 2352 2155 Signum
2423 2062 2730 2155 Stephani

483 2174 778 2266 dapileri,
823 2177 1005 2267 Sign.
1048 2174 1390 2248 Gisleberti
1437 2175 1829 2248 buticularii.
1865 2178 2131 2268 Signum
2160 2175 2444 2269 Hugonis
2481 2192 2735 2250 consta-

483 2286 737 2357 bularii.
782 2286 961 2378 Sign.
1005 2288 1280 2380 Alperici
1319 2288 1716 2362 chamerarii.
1768 2294 1925 2362 Data
1956 2313 2070 2383 per
2102 2313 2369 2362 manum
2425 2289 2730 2382 Stephani

480 2400 872 2473 cancellarii.

1522 2740 1710 2804 XLIII

915 2971 1215 3049 OrleanS,
1248 2971 1285 3034 2
1328 2972 1393 3054 (6
1420 2972 1539 3036 des
1570 2972 1806 3048 nones)
1845 2974 2116 3037 octobre
2145 2974 2303 3037 1057

478 3201 654 3258 Henri
682 3202 731 3273 1,
763 3201 797 3256 a
824 3200 879 3256 la
906 3202 1136 3273 requete
1165 3200 1233 3256 de
1261 3200 1511 3274 l’eveque
1530 3200 1838 3271 d'Orleans,
1851 3201 2022 3258 abolit
2048 3202 2136 3257 les
2156 3201 2329 3257 droits
2356 3201 2607 3258 d’entree
2630 3219 2731 3258 sur

545 3298 599 3353 le
628 3297 727 3352 vin
755 3303 812 3353 et
838 3297 1066 3353 interdit
1090 3298 1142 3353 la
1170 3296 1475 3354 formeture
1504 3297 1603 3353 des
1632 3303 1820 3370 portes
1845 3297 1914 3353 de
1937 3299 1992 3354 la
2019 3298 2148 3353 ville
2204 3297 2448 3370 pendant
2505 3304 2625 3355 tout
2675 3299 2728 3355 le

546 3401 732 3465 temps
756 3392 856 3449 des
883 3393 1222 3464 vendanges.

1202 3515 1401 3588 (Copie
1452 3515 1521 3570 de
1559 3516 1783 3587 Baluze,
1811 3534 1868 3588 p.
1899 3516 2016 3586 53.)

898 3661 1061 3730 (Pub.
1106 3661 1401 3735 d’Achery.
1433 3660 1835 3734 Spicileyium,
1860 3669 1901 3721 t.
1931 3662 2029 3731 ΠΙ,
2061 3680 2116 3736 p.
2149 3663 2300 3731 401.)

564 3884 637 3951 In
715 3878 948 3952 Christi
1030 3881 1315 3951 nomine.
1356 3883 1490 3971 Ego
1556 3878 1916 3964 Hainricus,
1974 3881 2173 3971 gratia
2246 3878 2362 3951 Dei
2455 3882 2726 3951 Franco-

480 4019 624 4067 rum
692 4016 824 4066 rex.
884 3997 1113 4065 Notum
1189 3997 1335 4065 volo
1418 3991 1554 4064 fieri
1628 3994 1880 4065 cunctis
1937 3992 2236 4065 fidelibus
2296 4006 2535 4065 sanctae
2608 3994 2724 4065 Dei

473 4110 785 4181 Ecclesiae
823 4122 952 4180 tam
982 4108 1409 4199 praesentibus
1448 4130 1641 4199 quam
1680 4107 1910 4178 futuris
1950 4107 2224 4199 qualiter
2282 4109 2718 4185 Isembardus,

480 4221 955 4294 Aurelianensis
980 4221 1350 4313 episcopus,
1383 4244 1529 4293 cum
1570 4225 1744 4292 clero
1792 4234 1855 4292 et
1892 4224 2132 4312 populo
2186 4220 2309 4292 sibi
2370 4223 2724 4292 commisso

478 4351 765 4411 nostram
795 4335 1208 4408 serenitatem
1242 4336 1424 4422 adiit,
1459 4333 1993 4426 conquestionem
2039 4335 2280 4408 l'aciens
2336 4358 2530 4428 super
2578 4358 2728 4425 qua-

481 4455 628 4523 dam
669 4451 907 4543 injusta
967 4450 1438 4523 consuetudine
1498 4474 1642 4540 quae
1702 4448 2039 4520 videbatur
2086 4472 2234 4522 esse
2273 4449 2336 4519 in
2401 4472 2473 4520 ea
2539 4452 2719 4534 urhe,

484 4565 785 4637 videlicet
824 4567 904 4636 de
943 4566 1242 4638 custodia
1280 4579 1633 4656 portarum,
1675 4587 1818 4654 quae
1870 4565 2405 4635 custodiebantur
2448 4577 2510 4633 et
2549 4564 2723 4633 clau-

484 4680 797 4749 debantur
820 4675 1067 4751 civibus
1107 4691 1397 4768 tempore
1418 4678 1788 4760 vindemiae,
1824 4690 1888 4748 et
1919 4677 1999 4748 de
2027 4674 2220 4767 impia
2241 4672 2570 4748 exactione
2587 4674 2713 4745 vini
