3485 5571
1680 671 2039 740 -120-

801 908 845 965 A
875 909 936 965 la
962 909 1046 981 fin
1074 908 1143 964 de
1172 909 1229 964 la
1254 910 1407 980 copie
1433 907 1504 963 de
1532 907 1747 966 Baluze
1773 923 1832 962 se
1862 907 1930 962 lit
1960 904 2020 962 la
2047 912 2179 962 note
2207 904 2476 961 minante
2505 919 2518 961 :

822 1077 1178 1148 Hactenus¹
1219 1072 1682 1146 Chartularium
1721 1070 2025 1146 Ecclesiae
2055 1070 2530 1144 Aurelianensis
2569 1084 2779 1156 vetus,
2820 1074 2991 1164 quod

733 1189 1055 1281 integrum
1126 1187 1654 1280 transcripsimus
1722 1210 1894 1259 anno
1957 1191 2348 1274 MDCLXVH,
2416 1209 2640 1259 mense
2685 1186 2992 1259 lanuario

732 1303 1180 1395 frigidissimo.
1225 1307 1456 1373 Verum
1491 1301 1554 1373 in
1586 1301 2070 1374 transcribendo
2109 1325 2239 1373 non
2302 1324 2531 1373 sumus
2569 1299 2776 1373 secuti
2818 1304 2996 1372 ordi·

734 1440 883 1489 nem
922 1419 1030 1509 qui
1072 1430 1239 1488 extat
1277 1415 1341 1486 in
1380 1416 1578 1489 veteri
1616 1416 1842 1489 codice
1868 1419 1918 1502 2,
1969 1439 2045 1487 ea
2101 1414 2403 1498 nimirum
2439 1418 2519 1487 de
2557 1438 2776 1501 causa,
2823 1418 2991 1507 quod

733 1555 881 1602 eum
924 1531 1102 1602 ilium
1127 1535 1531 1603 commodato
1559 1534 1945 1602 haberemus
1986 1553 2098 1622 pro
2137 1532 2368 1622 exiguo
2409 1529 2718 1622 temporis
2751 1529 2990 1622 spatio»

735 1670 878 1737 quae
931 1644 1182 1718 utiliora
1243 1645 1619 1717 videbantur
1656 1649 1734 1717 ad
1775 1669 1849 1717 ea
1889 1643 2096 1737 primo
2160 1647 2475 1718 calamum
2527 1645 2991 1716 convertimuS.

738 1764 965 1832 Postea
1032 1781 1209 1841 vero,
1268 1761 1438 1831 inter
1494 1758 2077 1843 transcribendum,
2148 1757 2714 1829 animadvertimus
2775 1761 2998 1830 omnia

736 1898 884 1947 esse
936 1872 1378 1946 describenda.
1445 1878 1663 1966 ltaque
1713 1873 1964 1944 initium
2007 1872 2371 1945 chartularii
2430 1871 2825 1964 descriptum
2888 1888 2994 1945 est

737 1993 803 2061 in
892 1988 1118 2081 pagina
1201 1992 1306 2078 77,
1404 1992 1510 2076 78,
1601 2001 1734 2061 tum
1818 1990 1989 2081 quod
2079 1987 2262 2081 sequi
2362 1986 2580 2059 debuit
2680 2001 2848 2059 extat
2931 1990 2997 2058 in

738 2125 883 2194 pag.
930 2106 1011 2185 1;
1070 2143 1161 2155 —
1212 2116 1277 2175 et
1340 2104 1449 2188 79,
1520 2105 1628 2188 80,
1695 2107 1782 2187 2;
1844 2143 1922 2158 -
1979 2105 2091 2187 86,
2133 2105 2218 2186 43
2263 2141 2346 2154 —
2385 2101 2467 2172 87
2505 2115 2570 2172 et
2604 2125 2820 2193 seqq„
2860 2104 3000 2173 5et

740 2239 920 2309 seqq.
961 2242 979 2302 ;
1012 2259 1096 2270 —
1133 2219 1218 2287 90
1243 2232 1310 2289 et
1348 2239 1531 2309 seqq.
1575 2222 1643 2287 ln
1685 2216 1971 2309 margine
2000 2230 2214 2289 autem
2261 2214 2773 2309 uniuscujusque
2802 2219 2996 2287 char-

740 2345 823 2402 tae
888 2334 1231 2403 adnotatus
1288 2346 1388 2403 est
1447 2354 1756 2404 numerus
1795 2329 2038 2403 ordinis
2088 2353 2280 2423 quem
2332 2329 2628 2402 obtinent
2673 2331 2739 2400 in
2794 2329 2995 2402 veteri

744 2445 992 2518 codice.

2197 2585 2407 2631 STEPn.
2460 2584 2766 2632 BALthtth.

816 2800 831 2833 ¹
879 2817 906 2853 ι
938 2799 1013 2854 Ici
1038 2799 1223 2856 finit...
1260 2818 1287 2853 ι
1318 2800 1475 2855 Nous
1505 2817 1575 2856 en
1598 2815 1770 2856 avons
1800 2801 1854 2856 la
1882 2802 2041 2874 copie
2071 2802 2377 2873 integrale:
2411 2819 2442 2858 ‹
2471 2803 2760 2873 integrum
2790 2822 2844 2856 »-

813 2886 838 2922 ²
876 2890 919 2944 n
953 2889 1082 2943 etait
1112 2889 1529 2960 indispensable
1558 2890 1627 2946 de
1657 2890 1891 2946 retablir
1919 2896 2007 2946 cet
2037 2891 2224 2948 ordre.
2269 2891 2427 2948 Nous
2470 2891 2684 2948 l’avons
2726 2892 2827 2947 fait
2868 2908 3005 2947 sans

747 2977 977 3034 hesiter.
1028 2979 1430 3034 L’interessant
1478 2984 1561 3035 est
1604 2980 1841 3036 d'editer
1887 2996 2004 3039 non
2055 2981 2113 3036 13
2160 2982 2319 3055 copie
2368 2981 2436 3037 de
2489 2982 2711 3051 Baluze,
2758 2982 2901 3037 mais
2948 2983 3004 3039 le

751 3066 1198 3123 chartularium
1237 3068 1423 3128 Vetus.
