3485 5571
1774 716 1853 729 ...
1893 685 1971 747 55
2015 719 2091 728 -

801 829 871 877 sa
901 819 1054 878 sunt
1091 830 1401 899 processu
1437 810 1641 900 possit
1710 813 2022 900 temporis
2084 832 2413 901 usurpare,
2471 807 2846 882 assertionis
2919 830 3052 879 suae

800 919 1039 1011 scripto
1074 922 1370 992 munivit.
1413 927 1818 1015 Quapropter
1855 939 1919 994 et
1964 947 2109 1007 noS‚
2153 922 2558 995 devotionem
2590 937 2656 994 et
2686 923 2853 1015 pium
2887 944 3052 1013 opus

798 1028 971 1099 illius
1010 1031 1226 1100 favore
1286 1029 1503 1101 debito
1565 1046 2057 1122 prosequentes,
2132 1031 2487 1102 libertatem
2563 1052 2678 1101 seu
2754 1027 3052 1100 immuni-

797 1153 994 1213 tatem
1022 1145 1231 1232 ipsam
1274 1142 1655 1216 auctoritate
1707 1145 2058 1236 apostolica
2109 1148 2593 1232 confirmamuS,
2635 1157 2700 1216 et
2737 1158 2936 1215 ratam
2976 1157 3041 1214 et

798 1254 1253 1327 inconcussam
1296 1257 1624 1350 perpetuis
1699 1260 2096 1350 temporibus
2148 1259 2557 1331 decernimus
2630 1279 3049 1350 permanere.

792 1372 1024 1439 Datum
1063 1370 1378 1458 Laterani,
1423 1374 1501 1441 111
1542 1374 1669 1443 kal.
1715 1371 1962 1443 martis.

1813 1765 2028 1825 xxvtl

912 1997 1268 2075 Benevent,
1299 1998 1377 2062 30
1399 2000 1547 2081 juin
1588 1997 1655 2077 (2
1684 1998 1807 2061 des
1836 1999 1959 2061 cal.
1992 1998 2075 2065 de
2098 1997 2346 2079 juillet)
2389 1998 2571 2079 [1168
2602 2017 2691 2062 ou
2725 1997 2951 2080 1169¹J

793 2229 1110 2285 Alexandre
1140 2229 1219 2286 III
1244 2229 1515 2284 confirmo
1544 2229 1597 2283 le
1627 2233 1800 2284 statut
1837 2228 2120 2284 diocesain
2149 2229 2246 2300 qui
2273 2228 2460 2285 reduit
2500 2229 2535 2284 a
2581 2229 2887 2303 vingt-cinq
2915 2245 3053 2285 sous

864 2341 966 2397 par
991 2341 1062 2380 an
1087 2327 1141 2380 la
1170 2326 1396 2397 portion
1429 2323 1526 2380 des
1556 2324 1860 2381 chanoines
1888 2341 1999 2380 non
2028 2325 2247 2380 assidus
2272 2340 2379 2381 aux
2408 2324 2621 2381 officeS.

935 2492 1127 2565 (Copie
1152 2492 1221 2548 de
1252 2493 1473 2561 Baluze,
1501 2508 1554 2564 p.
1579 2492 1668 2547 26.
1698 2522 1760 2533 —
1795 2493 1936 2548 Pub.
1973 2492 2316 2562 Loevent'eld,
2345 2490 2641 2564 Epistolae,
2667 2509 2724 2563 p.
2756 2493 2907 2563 141.)

888 2714 1242 2784 Alexander
1270 2711 1643 2805 episcopus,
1688 2735 1913 2784 servus
1975 2735 2306 2784 servorum
2362 2711 2505 2803 Dei,
2582 2712 2836 2785 dilectis
2902 2712 3046 2785 fitiis

798 2829 1043 2898 decano
1082 2841 1145 2898 et
1182 2829 1461 2919 capitulo
1493 2826 1938 2898 Aurelianensi
1980 2829 2250 2898 salutem
2291 2841 2356 2898 et
2393 2828 2811 2919 apostolicam
2855 2832 3042 2900 bene-

802 2942 1175 3013 dictionem.
1217 2946 1336 3012 Pro
1368 2943 1789 3013 ecclesiarum
1834 2946 2238 3013 incremento
2288 2940 2518 3034 pariter
2569 2957 2634 3013 et
2699 2957 3038 3034 augmento

800 3055 1072 3128 sollicite
1112 3057 1423 3126 debemus
1482 3070 1800 3146 satagere,
1864 3070 1928 3126 et
1967 3078 2184 3127 earum
2247 3057 2662 3128 rationabiles
2729 3058 3036 3129 constitu-

802 3169 1010 3241 tiones
1070 3183 1133 3240 et
1194 3170 1699 3241 consuetudines
1762 3193 2170 3242 conservare.
2276 3175 2664 3262 Suggesturn
2712 3185 2812 3242 est
2851 3170 3044 3263 siqui·

803 3287 948 3355 dem
983 3282 1168 3353 nobis
1207 3286 1375 3372 quod
1418 3281 1478 3352 in
1538 3281 1817 3353 ecclesia
1859 3297 2066 3355 vestra
2108 3283 2535 3356 communiter
2582 3299 2683 3355 est
2741 3297 3047 3356 statutum

808 3411 876 3467 ut
909 3399 1122 3467 nuilus
1154 3395 1610 3467 canonicorum
1653 3410 2012 3468 vestrorum
2055 3400 2132 3468 de
2162 3397 2491 3488 beneficiis
2521 3397 2820 3470 ecclesiae
2888 3402 3043 3470 ultra

806 3516 906 3582 XX
947 3523 1011 3582 et
1042 3516 1086 3582 V
1129 3511 1371 3581 solidos
1399 3510 1726 3581 annuatim
1760 3510 2050 3602 recipiat,
2094 3511 2214 3581 nisi
2251 3511 2358 3602 qui
2411 3514 2604 3584 tuerit
2655 3511 2719 3582 in
2761 3515 3050 3604 ejusdem

808 3624 1101 3698 ecclesiae
1141 3624 1424 3696 servitiis
1450 3624 1775 3697 assiduus.
1820 3630 2025 3712 Quam
2073 3628 2290 3717 utique
2330 3626 2890 3711 constitutionem,
2932 3630 3054 3698 sal-

812 3739 907 3810 vis
949 3738 1310 3830 praebendis
1347 3741 1604 3830 quasin
1663 3743 1886 3810 eadem
1931 3740 2200 3811 ecclesia
2260 3740 2683 3813 Cluniacense
2735 3754 3054 3813 monaste-

813 3851 974 3922 rium
1017 3866 1125 3922 aut
1161 3852 1281 3923 alia
1309 3851 1603 3943 religiosa
1670 3855 1902 3923 domus
1977 3851 2331 3945 antiquitus
2406 3853 2652 3939 habuit,
2723 3868 2921 3924 ratam
2993 3868 3056 3926 et

814 3969 1060 4036 firmam
1091 3969 1424 4053 habentes,
1468 3989 1607 4037 eam
1642 3967 2018 4038 auctoritate
2075 3966 2427 4058 apostolica
2466 3970 2946 4050 confirmamuS,
2992 3980 3055 4039 et

813 4084 1011 4151 robur
1080 4083 1161 4151 de
1223 4095 1439 4151 cetero
1502 4096 1825 4174 perpetuae
1859 4081 2178 4152 firmitatis
2240 4096 2463 4153 tenere
2521 4084 2874 4167 sancimus,
2931 4096 3055 4153 sta-

817 4208 1072 4264 tuentes
1149 4208 1217 4264 ut
1289 4194 1444 4264 nulii
1520 4194 1785 4265 omnino
1860 4195 2193 4266 hominum
2273 4196 2459 4267 liceat
2521 4199 2686 4265 hanc
2763 4196 3052 4286 paginam

817 4322 1054 4379 nostrae
1094 4306 1598 4379 confirmationis
1629 4308 2001 4400 infringere,
2045 4313 2140 4380 vel
2183 4308 2240 4380 ei
2274 4310 2674 4400 aliquatenus
2712 4309 3050 4380 contraire.

885 4621 905 4657 ¹
945 4622 1021 4678 Ge
1066 4627 1193 4677 sont
1237 4620 1320 4677 les
1369 4621 1512 4677 deux
1564 4622 1752 4677 seules
1798 4624 2005 4677 annees
2057 4624 2128 4677 ou
2167 4622 2278 4676 l’on
2332 4627 2525 4678 trouve
2555 4620 2872 4678 Alexandro
2910 4621 2986 4677 111
3023 4621 3053 4675 a

815 4709 1096 4766 Benevent
1122 4709 1176 4767 le
1202 4709 1275 4768 30
1295 4710 1441 4782 juin.
