3485 5571
1710 652 2069 716 —116—

768 780 1106 865 Bucbardi,
1145 779 1509 860 LancelinO,
1574 780 1900 865 Gervasio‚
1963 784 2204 851 Herveo
2261 777 2768 850 assentientibus
2818 791 3011 869 atque

767 892 1154 977 volentibus,
1198 916 1313 985 pro
1353 896 1524 965 bono
1564 890 1763 985 paciS,
1816 917 1930 985 per
1987 892 2103 965 Dei
2145 892 2436 985 gratiam,
2500 894 2672 964 sicut
2719 915 3010 984 praesens

769 1005 1108 1099 distinguit
1172 1009 1426 1100 pagina,
1477 1011 1716 1079 sedatae
1781 1022 1932 1078 sunt
1994 1010 2061 1077 in
2127 1011 2300 1080 hunc
2355 1010 2646 1080 modum.
2688 1011 2757 1077 In
2799 1020 3011 1078 castro

767 1121 1180 1213 Magdunensi
1220 1145 1430 1214 neque
1470 1146 1590 1194 nos
1631 1145 1841 1215 neque
1902 1125 2416 1215 praedecessores
2491 1121 2694 1194 nostri
2733 1124 3017 1193 Aurelia-

767 1260 1005 1309 nenses
1043 1236 1329 1330 episcopi
1382 1238 1824 1310 molendinum
1892 1261 2015 1310 nec
2054 1241 2310 1308 furnum
2358 1240 2705 1309 habuimus
2743 1239 2823 1308 ab
2852 1234 3017 1307 anti-

766 1377 934 1445 quo;
969 1377 1116 1425 cum
1159 1366 1372 1426 tamen
1411 1353 1477 1425 in
1541 1353 1844 1425 omnibus
1895 1352 2362 1427 mercatoribus
2408 1358 2548 1424 sive
2585 1351 3017 1423 ministeriali—

766 1472 913 1552 bus,
959 1470 1038 1539 de
1075 1491 1459 1561 quacunque
1488 1482 1624 1541 arte
1664 1470 1803 1541 sive
1842 1467 2054 1540 officio
2085 1468 2394 1552 viverent,
2430 1466 2587 1539 etin
2627 1488 3015 1558 quacunque

768 1598 933 1654 terra
970 1599 1328 1670 manerent,
1371 1598 1631 1675 excepta
1674 1598 1838 1655 terra
1881 1581 2171 1675 praedicti
2212 1582 2552 1667 Buchardi,
2597 1584 2678 1653 de
2711 1586 2897 1653 furno
2950 1594 3012 1652 et

767 1701 1141 1769 molendino
1172 1701 1295 1769 tale
1326 1702 1608 1770 bannum
1639 1702 2053 1784 haberemuS,
2094 1702 2264 1791 quod
2302 1697 2441 1769 sine
2485 1696 2741 1769 licentia
2796 1712 3016 1767 nostra

768 1825 1118 1905 nostroque
1155 1817 1456 1886 mandato
1485 1818 1584 1885 vel
1636 1813 2053 1887 servientium
2106 1826 2473 1884 nostrorum
2500 1814 2580 1884 ad
2610 1811 2850 1884 nullius
2884 1815 3014 1881 lur-

766 1950 922 1997 num
949 1926 1260 2001 auderent
1280 1952 1584 2021 coquere,
1613 1952 1735 2000 nec
1774 1931 1854 2000 ad
1884 1930 2330 1999 molendinum
2359 1930 2625 2009 molere,
2668 1949 2790 1997 nec
2820 1927 3016 1995 debe-

767 2057 953 2127 rent3
997 2057 1388 2116 memoratus
1437 2060 1652 2116 autem
1707 2045 2082 2115 Buchardus
2132 2043 2196 2113 in
2250 2045 2478 2114 eodem
2519 2056 2730 2114 castro
2772 2042 3016 2112 molen-

769 2159 990 2228 dinum
1019 2173 1084 2229 et
1105 2162 1357 2229 lurnum
1379 2162 1654 2230 habebat
1684 2185 1701 2244 3
1729 2161 1824 2231 sic
1853 2158 2066 2249 itaque
2091 2156 2258 2229 inter
2289 2181 2406 2229 nos
2435 2172 2533 2228 est
2560 2154 3012 2248 compositum.

770 2275 1142 2344 Buchardus
1197 2272 1515 2364 siquidem
1571 2272 2017 2345 molendinum
2057 2296 2247 2344 suum
2304 2286 2369 2343 et
2429 2276 2685 2342 furnum
2727 2294 2914 2341 suum
2956 2283 3020 2340 et

769 2389 1056 2457 bannum
1096 2411 1284 2458 suum
1324 2390 1519 2458 nobis
1571 2401 1636 2458 et
1692 2386 2180 2459 successoribus
2227 2384 2464 2457 nostris
2532 2383 2855 2477 episcopis
2908 2406 3021 2475 per

773 2501 1056 2571 medium
1097 2501 1163 2571 in
1195 2517 1575 2593 perpetuum
1634 2499 2181 2585 communicavit;
2223 2499 2307 2571 ita
2352 2503 2522 2591 quod
2576 2500 3016 2571 universorum

772 2616 1138 2688 reddituum
1198 2615 1333 2689 sive
1394 2632 1819 2710 proventuum
1881 2616 2157 2708 justiciae
2221 2616 2679 2701 sorilactorum‚
2749 2638 3017 2705 quorum

775 2730 1207 2804 forifactorum
1252 2757 1502 2805 summa
1527 2755 1855 2824 nunquam
1887 2745 2017 2803 tres
2049 2730 2291 2803 solidos
2321 2734 2680 2816 excederet,
2717 2729 3020 2802 medieta-

777 2862 905 2919 tem
946 2847 1370 2935 habebimus3
1416 2863 1479 2920 et
1511 2846 2012 2919 molendinarios
2042 2860 2107 2918 et
2144 2844 2461 2917 furnarius
2500 2868 2818 2937 ponemus
2848 2855 3020 2916 com-

776 2966 1085 3035 muniter.
1124 2967 1202 3033 Et
1240 2987 1361 3035 nos
1400 2985 1656 3054 quoque
1710 2961 2149 3033 molendinum
2208 2973 2497 3031 nostrum
2533 2964 2611 3031 de
2642 2963 2819 3032 l'onte
2851 2959 3016 3031 beati

774 3078 1072 3169 Liphardi
1108 3078 1356 3149 noviter
1393 3079 1633 3148 factum
1671 3075 1882 3149 eidem
1923 3078 2264 3147 Buchardo
2303 3072 2918 3147 communicavimus
2958 3087 3021 3145 et

779 3191 914 3263 suis
948 3191 1294 3263 heredibus
1336 3215 1507 3264 nunc
1541 3206 1604 3263 et
1660 3214 1963 3283 semper;
2018 3205 2082 3262 et
2124 3192 2190 3260 in
2233 3192 2459 3261 eodem
2514 3202 2727 3261 castro
2766 3191 3018 3259 furnum

778 3331 978 3378 unum
1010 3330 1130 3378 nos
1167 3308 1452 3378 facturos
1514 3303 1934 3398 promisimus
1985 3304 2146 3375 infra
2184 3327 2451 3388 annum,
2487 3302 2595 3395 qui
2654 3303 3020 3375 communis

779 3421 900 3493 erit
958 3420 1166 3493 eidem
1224 3423 1557 3493 Bucbardo
1622 3436 1685 3492 et
1739 3423 1877 3492 suis
1915 3418 2262 3491 heredibus
2337 3416 2401 3488 in
2477 3431 2883 3511 perpetuum.
2952 3420 3019 3486 In

779 3536 1114 3607 lorinsecis
1148 3559 1300 3607 vero
1353 3537 1667 3606 Buchardi
1708 3534 2102 3620 hominibuS,
2158 3536 2328 3605 sicut
2369 3548 2554 3604 antea
2600 3532 2815 3604 venire
2855 3532 3023 3602 sole-

780 3656 932 3722 bant
963 3653 1040 3723 ad
1073 3655 1326 3721 furnum
1356 3664 1421 3722 et
1447 3649 1887 3721 molendinum
1924 3646 2265 3732 Buchardi,
2299 3652 2579 3720 bannum
2613 3645 3014 3718 habebimus».

781 3772 923 3858 Ipse
980 3788 1138 3856 vero·
1192 3779 1388 3838 totam
1464 3767 1726 3835 habebit
1793 3787 2015 3835 eorum
2083 3761 2408 3854 justiciam
2446 3778 2511 3834 et
2586 3761 3014 3833 forifactorum

780 3882 1323 3967 emendationem,
1365 3884 1539 3951 salvo
1578 3878 1829 3971 capitali
1882 3893 2102 3949 nostro
2150 3879 2324 3969 quod
2377 3901 2497 3949 nos
2535 3879 2727 3948 debet
2766 3879 3022 3949 contin·

782 4022 933 4090 gere
971 4001 1050 4069 de
1077 3996 1398 4068 molitura.
1441 4000 1596 4065 Nam
1639 3992 1691 4064 si
1732 4009 2024 4065 nostrum
2056 3992 2327 4084 capitale
2365 3992 2553 4063 nobis
2593 3991 2878 4084 perierit,
2921 3994 3019 4062 vel

781 4116 1035 4185 defectu
1082 4114 1182 4184 vel
1221 4109 1608 4203 negligentia
1652 4107 2095 4194 servientium,
2126 4111 2226 4179 vel
2264 4107 2387 4178 alio
2427 4109 2621 4179 modo
2657 4129 2770 4198 per
2807 4104 3014 4198 ipsos,

780 4228 844 4300 in
887 4242 1063 4320 parte
1124 4228 1444 4298 Buchardi
1497 4222 2046 4317 recuperabimus,
2101 4228 2228 4295 Nos
2288 4235 2502 4294 autem
2544 4225 2826 4293 bannum
2867 4243 3017 4292 nos-

780 4360 948 4415 trum
981 4348 1060 4415 de
1121 4343 1492 4413 molendino
1532 4354 1596 4411 et
1646 4343 1858 4426 furno,
1903 4343 2073 4430 quod
2100 4338 2162 4410 in
2205 4341 2432 4411 eodem
2473 4351 2684 4410 castro
2718 4338 3016 4428 primitus

776 4462 1200 4543 habebamus,
1242 4457 1451 4528 eidem
1493 4457 1829 4528 Buchardo
1868 4454 2160 4525 similiter
2196 4467 2259 4525 et
2293 4452 2429 4525 suis
2463 4453 2809 4525 heredibus
2849 4475 3021 4524 com·-

776 4573 1245 4645 municavimus
1311 4571 1375 4642 in
1448 4583 1853 4664 perpetuum.
1919 4573 2153 4643 Verum
2225 4568 2277 4638 si
2346 4591 2651 4662 processu
2709 4565 3018 4659 temporis

776 4688 1074 4781 ampliata
1134 4686 1276 4758 villa
1331 4685 1423 4758 sic
1488 4684 1699 4770 suerit,
1770 4687 1941 4777 quod
2004 4687 2129 4755 duo
2183 4681 2350 4754 lurni
2384 4696 2448 4755 et
2483 4685 2608 4754 duo
2653 4682 3012 4754 molendina
