3485 5571
1716 674 2076 744 —118—

778 814 1108 895 poterunt,
1161 807 1242 874 de
1291 803 1615 875 communi
1668 806 2240 895 comparabuntur.
2285 809 2597 895 Sumptus
2634 817 2846 876 autem
2890 819 3020 876 tam

771 916 835 987 in
875 916 1233 1009 quadrigis,
1275 940 1467 1008 quam
1517 917 1582 988 in
1643 921 1856 1011 equis,
1898 933 1966 991 et
1993 918 2450 1005 servientibus,
2493 935 2559 991 et
2597 921 2666 990 in
2695 919 2838 990 aliis
2877 943 3023 1010 quae

771 1031 1135 1104 necessaria
1169 1030 1401 1103 suerint
1431 1032 1632 1104 turnis
1671 1047 1738 1104 et
1776 1033 2164 1105 molendinis
2204 1031 2636 1105 communiter
2674 1037 2850 1104 fient.
2897 1038 3019 1104 Pro

769 1168 1161 1237 quocunque
1211 1159 1501 1217 nostrum
1562 1149 2013 1239 quadrigarum
2066 1147 2238 1239 equi,
2301 1151 2399 1219 vel
2462 1147 2619 1240 ipsae
2666 1144 3019 1239 quadrigae,

768 1264 868 1331 vel
924 1259 1279 1331 servientes
1316 1282 1536 1332 earum
1588 1260 1877 1351 impediti
1918 1264 2181 1347 suerint,
2227 1265 2308 1334 de
2346 1261 2517 1333 iilius
2556 1262 2813 1353 proprio
2848 1265 3028 1332 dam-

772 1397 929 1444 num
965 1372 1369 1447 resarcietur.
1421 1377 1797 1466 Emptiones
1837 1375 1976 1448 sive
2001 1375 2468 1467 adquisitiones
2500 1399 2660 1466 quas
2697 1373 2761 1445 in
2792 1377 3022 1447 eodem

771 1502 985 1561 castro
1010 1490 1091 1560 de
1129 1491 1573 1580 cujuscunque
1606 1492 1793 1561 feodo
1838 1492 2013 1581 juste
2062 1504 2126 1561 et
2169 1489 2632 1562 rationabiliter
2682 1488 3022 1574 faciemus,

771 1601 1056 1694 exceptis
1087 1606 1280 1674 rebus
1339 1605 1419 1673 ad
1466 1605 1780 1674 ecclesias
1839 1602 2336 1695 pertinentibuS,
2390 1618 2453 1675 et
2514 1604 2814 1694 expensis
2868 1607 3027 1675 fient

773 1720 1255 1800 communibus,
1316 1732 1380 1789 et
1447 1731 1635 1788 erunt
1672 1740 2078 1802 communes,
2117 1732 2183 1789 et
2227 1721 2390 1790 alter
2419 1741 2546 1789 non
2579 1717 2811 1810 poterit
2847 1741 3029 1810 emp-

769 1830 1010 1904 tionem
1072 1847 1181 1903 aut
1227 1830 1729 1923 adquisitionem
1793 1832 2056 1904 alterius
2114 1831 2449 1924 impedire.
2518 1835 2703 1920 Quod
2762 1832 2818 1902 si
2869 1835 3033 1903 aiter

774 1959 1067 2017 nostrum
1110 1945 1521 2018 medietatem
1563 1961 1864 2038 sumptus
1903 1947 2303 2039 emptionum
2344 1970 2462 2019 seu
2518 1945 3033 2036 adquisitionum

779 2057 902 2130 sibi
979 2062 1464 2151 contingentem
1530 2084 1770 2152 ponere
1827 2060 2129 2145 noluerit,
2204 2063 2365 2133 alter
2423 2075 2628 2133 totum
2702 2077 3032 2153 sumptum

773 2187 996 2264 ponet,
1040 2188 1104 2244 et
1135 2176 1347 2245 donec
1384 2177 1463 2244 ab
1505 2177 1706 2246 altero
1747 2177 1920 2267 quod
1955 2172 2290 2265 continget
2327 2197 2474 2246 eum
2508 2174 2848 2266 receperit,
2894 2174 3036 2266 ipse

780 2299 984 2357 totum
1025 2286 1409 2379 possidebit.
1480 2290 1549 2360 Si
1581 2291 1742 2360 alter
1794 2292 1875 2360 de
1922 2291 2121 2360 altero
2163 2311 2358 2380 super
2395 2288 2900 2380 adquisitionum
2933 2292 3033 2359 vel

780 2402 1181 2493 emptionum
1249 2415 1510 2494 sumptu
1578 2401 2009 2494 suspitionem
2070 2405 2303 2473 malam
2379 2405 2703 2486 babuerit,
2766 2406 2873 2474 ilie
2921 2403 3037 2494 qui

785 2531 1114 2608 sumptum
1148 2515 1456 2607 posuerit,
1502 2520 1673 2606 quod
1712 2518 2094 2608 probatione
2135 2515 2414 2608 legitima
2462 2515 2721 2588 testium
2761 2520 3038 2608 probare

781 2630 1039 2724 poterit,
1100 2632 1252 2702 inde
1317 2630 1601 2703 habebit.
1678 2630 1742 2703 Si
1784 2653 2166 2703 communes
2215 2634 2437 2702 furnos
2497 2634 2592 2702 vel
2664 2631 3040 2703 molendina

781 2744 1145 2819 communia
1223 2745 1496 2839 pejorari
1552 2743 1922 2838 contigerit,
1987 2748 2067 2819 de
2133 2743 2464 2818 communi
2535 2749 3035 2838 reparabuntur.

783 2858 1163 2931 Condictum
1225 2873 1439 2931 tamen
1488 2873 1590 2932 est
1654 2874 1719 2931 et
1778 2883 2164 2932 concessum
2224 2862 2398 2957 quod
2453 2884 2566 2952 pro
2619 2858 2824 2933 cereis
2864 2874 3034 2951 quos

783 2976 1160 3045 Buchardus
1236 2976 1428 3045 debet
1512 2974 1957 3046 Aurelianensi
2029 2977 2358 3060 ecclesiae,
2422 2997 2632 3067 neque
2699 2977 3034 3047 censivam

782 3113 971 3181 quam
1013 3112 1048 3160 a
1097 3087 1287 3160 nobis
1317 3091 1510 3160 babet
1548 3091 1869 3179 magduni,
1922 3111 2043 3160 nec
2085 3088 2321 3182 aliquid
2378 3093 2551 3181 quod
2611 3093 2688 3162 ad
2746 3104 3036 3162 nostram

785 3203 1314 3276 communitatem
1369 3201 1710 3295 pertineat,
1771 3201 2138 3274 saisiemus.
2200 3207 2346 3274 Haec
2416 3204 2804 3296 compositio
2869 3208 3039 3275 iacta

786 3318 904 3390 suit
927 3321 1097 3389 inter
1128 3341 1247 3388 nos
1275 3321 1655 3403 Manassem,
1686 3314 2209 3390 Aurelianensem
2238 3316 2640 3409 episcopum,
2671 3331 2732 3388 et
2762 3322 3047 3389 Buchar·

788 3437 942 3503 dum
983 3435 1062 3503 de
1103 3435 1438 3523 Magduno,
1493 3430 1718 3523 ligium
1780 3432 2107 3504 bominem
2161 3446 2479 3517 nostrum,
2524 3429 2664 3503 sine
2718 3435 2938 3503 fraude
2978 3446 3047 3504 et

793 3550 961 3617 malo
1015 3545 1306 3637 iugenio,
1350 3549 1525 3617 salvo
1562 3548 1701 3638 Jure
1739 3561 1804 3617 et
1842 3568 2046 3617 censu
2079 3545 2412 3637 utriusque
2451 3548 2518 3616 in
2556 3548 2863 3617 omnibus
2900 3546 3049 3617 aliis

794 3664 1013 3747 rebus,
1068 3658 1353 3751 exceptis
1405 3659 1506 3730 his
1568 3684 1712 3752 quae
1777 3660 1839 3730 iu
1902 3663 2202 3752 praesenti
2259 3659 2487 3753 pagina
2550 3658 3042 3751 compositionis

790 3778 935 3866 jure
974 3787 1040 3845 et
1086 3775 1304 3845 debito
1359 3771 1795 3845 continentur.
1848 3771 2394 3865 compositionem
2453 3775 2658 3865 ipsam
2688 3796 2833 3864 quae
2872 3772 3043 3844 dicta

799 3903 927 3973 est,
964 3891 1337 3959 Bucbardus
1374 3909 1626 3959 servare
1664 3887 1908 3979 pepigit
1936 3900 2001 3959 et
2029 3889 2154 3957 fide
2181 3887 2449 3958 firmavit
2481 3915 2496 3970 ;
2555 3901 2619 3960 et
2657 3886 2710 3958 si
2743 3889 2905 3958 forte
2936 3909 3054 3977 per

801 4003 1228 4094 ignorantiam
1285 4016 1396 4073 aut
1458 4024 1570 4093 per
1609 4001 1996 4073 oblivionem
2053 4000 2291 4092 aliquid
2334 4002 2396 4071 in
2431 4024 2506 4073 ea
2538 4003 3046 4093 praesumpserit,

802 4119 960 4190 infra
1009 4120 1151 4190 dies
1217 4123 1321 4190 XV
1386 4134 1726 4211 postquam
1788 4118 2194 4191 submonitus
2256 4121 2409 4191 inde
2458 4120 2669 4203 fuerit,
2712 4116 3050 4191 emendari

804 4231 993 4303 faciet
1052 4235 1223 4304 salva
1276 4236 1423 4303 fide.
1480 4238 1608 4304 Nos
1670 4256 1928 4324 quoque
1976 4231 2392 4323 promisimus
2445 4245 2635 4323 atque
2687 4229 3051 4324 pepigimus

806 4345 1013 4418 eidem
1042 4350 1400 4429 Buchardo,
1426 4345 1594 4418 sicut
1634 4345 1879 4417 homini
1923 4361 2144 4417 nostro
2176 4346 2356 4437 ligio,
2398 4361 2464 4417 et
2500 4345 2562 4415 in
2609 4348 2802 4416 verbo
2841 4366 3054 4415 sacer-

808 4460 1002 4545 dotis,
1046 4460 1578 4552 compositionem
1609 4463 1803 4532 istam
1844 4459 2110 4531 firmiter
2149 4474 2341 4551 atque
2373 4460 2645 4531 fideliter
2680 4461 3047 4530 observare.

810 4578 1006 4667 Hujus
1046 4575 1136 4646 rei
1180 4589 1379 4647 testes
1418 4589 1591 4662 sunt,
1636 4597 1711 4647 ex
1751 4590 1932 4667 parte
1983 4574 2328 4659 Bucbardi,
2369 4577 2733 4646 Maubertus
2763 4574 2844 4644 de
2877 4575 3053 4643 Ples-

809 4687 1032 4775 seicio,
1066 4692 1346 4763 Herveus
1384 4692 1463 4762 de
1494 4689 1865 4784 Grangerio,
1905 4693 2186 4764 Herveus
2230 4692 2558 4773 Mercator,
2606 4701 2669 4759 et
2709 4686 3050 4759 wilelmus
