3485 5571
1437 632 1792 696 -325--

501 766 737 853 Symou
781 760 1114 847 Vovarius,
1173 760 1437 844 milites,
1479 763 1893 851 fidejussores
1936 782 2051 851 per
2086 761 2279 831 fidem
2317 759 2559 830 astricti
2600 760 2756 832 exti-

506 888 739 946 terunt.
807 878 876 945 lu
945 877 1131 969 cujus
1196 873 1286 945 rei
1355 873 1729 944 memoriam
1799 889 1861 944 et
1930 872 2367 945 testimonium
2421 889 2756 965 presentes

506 986 753 1059 litteras
813 992 893 1060 ad
952 988 1437 1079 requisitionem
1499 987 1769 1080 partium
1850 986 2042 1078 sigilli
2120 988 2323 1058 nostri
2402 987 2755 1058 munimine

509 1102 777 1174 lecimus
841 1102 1150 1175 roborari.
1237 1108 1461 1175 Actum
1546 1126 1717 1175 auno
1786 1100 2046 1174 Domini
2115 1106 2426 1174 MCCXXX
2499 1117 2751 1194 quarto,

507 1241 731 1289 mense
769 1240 960 1291 malo.

1460 1591 1808 1654 CCXXXIII

1478 1870 1601 1932 Mai
1631 1868 1789 1933 1234

510 2122 724 2177 Giraud
773 2122 841 2178 de
884 2122 1185 2189 Poinville,
1229 2140 1449 2179 comme
1494 2125 1701 2180 second
1730 2124 2013 2192 seigneur,
2063 2142 2346 2198 approuve
2395 2125 2446 2180 la
2490 2125 2755 2182 donation

618 2219 752 2274 faite
781 2234 883 2291 par
914 2220 1163 2292 l’eveque
1195 2221 1451 2293 Philippe
1485 2238 1557 2277 au
1586 2222 1839 2294 chapitre
1870 2221 1942 2277 du
1974 2223 2076 2278 fief
2097 2224 2167 2279 de
2194 2223 2646 2279 Villiersmartin.

640 2366 819 2438 (Orig.
848 2382 948 2421 sur
975 2367 1168 2437 parch.
1198 2367 1366 2423 Arch.
1394 2367 1474 2423 du
1496 2368 1704 2437 Loiret‚
1737 2369 1805 2424 G.
1832 2368 1979 2439 3743
2010 2368 2260 2424 mention
2289 2367 2632 2440 Scriptum).

602 2583 928 2656 Universis
960 2598 1294 2675 presentes
1335 2584 1577 2656 litteras
1619 2584 2035 2676 inspecturis,
2079 2591 2332 2669 PetruS,
2364 2585 2756 2657 archidiaco-

510 2721 636 2768 nus
668 2697 1096 2791 Stampensis,
1141 2703 1414 2770 salutem
1447 2698 1512 2769 in
1555 2699 1854 2770 Domino.
1894 2701 2195 2771 Noverint
2248 2699 2525 2771 universi
2583 2703 2754 2792 quod

515 2813 805 2883 Giraldus
846 2816 924 2884 de
967 2813 1313 2897 Poonvilla,
1358 2815 1424 2884 in
1465 2830 1680 2885 nostra
1720 2814 2111 2885 constitutus
2165 2816 2511 2906 presentia,
2557 2817 2757 2886 dona-

513 2928 751 2998 tionem
794 2927 962 2999 leodi
999 2927 1248 2998 Villaris
1280 2928 1522 3001 Martini
1567 2952 1601 2999 a
1637 2927 1982 2999 venerabili
2016 2927 2150 3000 viro
2186 2928 2509 3020 Philippo,
2550 2953 2756 3019 quon-

510 3044 656 3112 dam
716 3040 1023 3133 episcopo
1062 3042 1499 3113 Aurelianensi
1564 3045 1729 3112 bone
1797 3042 2132 3125 memorie,
2192 3046 2418 3113 tactam
2478 3040 2754 3113 ecclesie

511 3160 744 3226 Sancte
789 3155 1010 3226 Crucis
1066 3155 1260 3226 voluit
1295 3169 1358 3227 et
1401 3156 1675 3227 laudavit
1709 3171 2032 3242 tamquam
2073 3168 2400 3228 secundus
2453 3155 2753 3228 dominus

510 3272 678 3340 leodi
728 3270 1101 3360 supradicti,
1148 3283 1208 3340 et
1251 3269 1303 3338 si
1357 3272 1518 3339 sorte
1562 3268 1792 3358 aliquis
1831 3291 1902 3340 se
1940 3271 2197 3339 offerret
2246 3268 2354 3359 qui
2402 3293 2474 3341 se
2513 3269 2753 3340 diceret

511 3407 661 3455 esse
740 3386 1096 3455 secundum
1156 3382 1483 3453 dominum
1546 3382 1713 3453 illius
1771 3381 1966 3464 leodi,
2025 3381 2236 3453 dictus
2275 3388 2349 3453 G.
2429 3397 2755 3455 teneretur

508 3512 731 3568 contra
782 3496 959 3566 illum
995 3510 1059 3568 et
1106 3510 1329 3568 contra
1368 3519 1595 3568 omnes
1636 3498 1781 3568 illos
1819 3496 1926 3587 qui
1968 3519 2039 3568 se
2078 3499 2403 3568 secundos
2455 3497 2752 3571 dominos
2843 3527 2850 3532 ·

503 3612 797 3703 jamdicti
836 3611 1007 3683 feodi
1053 3613 1346 3682 dicerent
1381 3610 1695 3702 garantire
1726 3626 2049 3701 tamquam
2091 3612 2419 3682 secundus
2454 3611 2753 3681 dominus

510 3727 769 3797 feodum
815 3723 1260 3816 sepedictum;
1305 3724 1596 3817 promisit
1633 3725 1824 3795 etiam
1866 3726 2237 3815 sepedictus
2288 3729 2359 3794 G.
2402 3728 2572 3816 quod
2615 3724 2754 3815 ipse

509 3863 626 3932 pro
665 3861 860 3930 posse
898 3861 1017 3909 suo
1068 3851 1132 3909 et
1163 3843 1328 3909 bona
1367 3841 1492 3910 fide
1534 3853 1902 3930 procuraret
1944 3861 2092 3929 erga
2133 3841 2359 3910 fratres
2408 3854 2472 3910 et
2498 3861 2754 3910 sorores

512 3951 782 4036 Mabille,
838 3951 1051 4023 uxoris
1102 3975 1241 4033 sue,
1277 3953 1403 4023 filie
1446 3951 1775 4043 Baginaldi
1818 3955 1897 4023 de
1933 3955 2157 4024 Alneto
2198 3957 2363 4023 bone
2417 3952 2749 4036 memorie,

511 4072 682 4161 quod
715 4065 1148 4160 supradictum
1197 4070 1454 4138 feodum
1486 4067 1547 4138 in
1592 4081 1832 4159 partem
1873 4091 2051 4137 suam
2096 4068 2379 4152 cederet,
2433 4068 2754 4158 quamcito

513 4188 590 4255 ad
616 4208 826 4257 annos
857 4183 1206 4275 legittimos
1241 4183 1391 4256 dicti
1421 4185 1598 4275 pueri
1638 4183 2065 4275 pervenerint,
2094 4198 2157 4254 et
2191 4186 2318 4256 hoc
2341 4186 2535 4262 idem,
2582 4183 2754 4254 scili-

514 4315 617 4371 cet
668 4302 842 4391 quod
880 4302 1124 4370 dictum
1160 4301 1423 4372 feodum
1465 4302 1529 4369 in
1570 4315 1816 4390 partem
1858 4297 2174 4391 sepedicti
2207 4302 2279 4369 G.
2323 4301 2608 4381 cederet,
2648 4322 2756 4370 vo·

514 4414 632 4484 luit
669 4428 733 4486 et
774 4413 1100 4486 concessit
1134 4429 1199 4485 et
1236 4413 1555 4485 fiduciavit
1588 4414 1652 4484 in
1684 4436 1879 4484 manu
1921 4426 2138 4485 nostra
2177 4415 2487 4496 Robiuus‚
2520 4413 2756 4505 primo-

519 4527 776 4619 genitus
846 4526 1126 4599 filiorum
1191 4525 1538 4618 supradicti
1619 4526 1950 4618 Reginaldi
2013 4529 2092 4598 de
2153 4528 2400 4597 Alneto.
2465 4529 2530 4597 Si
2606 4550 2755 4599 vero

520 4642 728 4714 dictus
794 4645 866 4712 G.
933 4641 1250 4732 predictas
1313 4643 1775 4713 conventiones
1841 4663 1968 4711 non
2024 4643 2415 4724 observaret,
2462 4644 2555 4712 vel
2627 4665 2755 4713 non
