3485 5571
1478 651 1594 714 2205
1635 685 1711 696 —

1602 794 1746 848 ’wne
1783 779 2030 862 Crucis,
2075 776 2351 851 ecclesie
2421 782 2661 870 Gargo-

1797 891 2056 962 Nocmio
2106 891 2451 964 liberaliter
2505 915 2660 964 con-

1749 1005 1931 1077 nobis
1997 1020 2122 1090 est,
2176 1008 2438 1099 provide
2501 1006 2658 1078 libe-

1660 1142 2003 1204 msensum,
2042 1118 2452 1192 donationem
2484 1120 2656 1191 illam

1578 1260 1749 1304 -uum
1818 1249 2018 1306 ratam
2086 1237 2399 1307 habentes
2465 1233 2658 1326 sigilli

1492 1377 1584 1418 -ιε,
1632 1357 1862 1422 Actum
1889 1372 2059 1421 anno
2086 1350 2287 1442 gratie
2325 1354 2378 1421 M
2416 1351 2658 1421 ducen-

1407 1855 1644 1916 CXXIII

1444 2156 1606 2220 1200

2639 2365 2673 2384 Ο

640 2465 643 2474 ·
690 2441 699 2488 ¹.
730 2441 749 2488 ι’
766 2439 937 2507 veque
964 2435 1259 2492 d’Orleans
1285 2451 1358 2491 an
1386 2434 1634 2507 chapitre
1658 2435 1737 2492 du
1767 2451 1904 2491 cens
1929 2434 2000 2491 de
2023 2433 2078 2490 ln
2104 2434 2320 2492 maison
2343 2435 2414 2491 de
2436 2435 2655 2492 l'archi·

1264 2531 1454 2587 diacre
1479 2531 1781 2589 Cadnlcus.

1025 2701 1201 2775 (orig.
1233 2703 1403 2760 Arch.
1435 2702 1514 2759 du
1540 2702 1752 2775 Loiret,
1783 2702 1850 2758 G.
1880 2700 2034 2774 268).

491 2953 705 3040 Ilugo,
740 2950 859 3019 Dei
896 2948 1096 3039 gratia
1123 2946 1601 3019 Aurelianensis
1638 2945 2010 3040 episcopus,
2053 2947 2355 3019 omnibus
2378 2949 2457 3018 ad
2488 2971 2651 3039 quos

402 3078 741 3153 presentes
779 3061 991 3133 littere
1039 3059 1446 3153 pervenerint
1506 3060 1570 3131 in
1648 3073 2054 3154 perpetuum.
2096 3065 2327 3133 Notum
2382 3062 2651 3135 facimus

399 3177 721 3250 universis
761 3176 1169 3269 presentibus
1206 3176 1442 3267 pariter
1489 3188 1553 3246 et
1588 3174 1821 3247 suturis
1878 3178 2048 3267 quod
2111 3190 2314 3248 totum
2382 3199 2650 3249 censum

399 3292 508 3382 qui
548 3290 741 3364 nobis
781 3294 860 3363 de
900 3293 1091 3362 domo
1132 3290 1413 3361 defuncti
1456 3291 1737 3376 Cadulci,
1780 3293 2105 3381 quondam
2173 3291 2649 3363 Aurelianensis

400 3405 866 3492 archidiaconi,
908 3405 1238 3476 annuatim
1304 3406 1683 3487 debebatur,
1748 3408 1884 3476 Deo
1948 3419 2011 3477 et
2082 3407 2358 3477 ecclesie
2419 3411 2651 3479 Sancte

402 3520 625 3594 Crucis
644 3526 713 3593 in
734 3521 1155 3593 elemosinam
1183 3517 1576 3590 contulimus
1607 3533 1917 3611 perpetuo
1945 3522 2436 3611 possidendum.
2464 3522 2651 3606 Quod

404 3649 473 3705 ut
502 3649 712 3707 ratum
755 3647 1046 3706 teneatur
1081 3647 1146 3704 et
1184 3646 1409 3703 notum
1446 3646 1842 3724 permaneat,
1916 3647 2282 3726 presentem
2345 3633 2643 3727 paginam

404 3751 638 3824 litteris
676 3762 1043 3821 annotatam
1084 3746 1276 3839 sigilli
1341 3744 1541 3818 nostri
1605 3762 1928 3820 caractere
1999 3747 2271 3820 fecimus
2337 3750 2646 3822 roborari.

404 3868 627 3936 Actum
727 3887 899 3937 anno
982 3860 1444 3935 incarnationis
1508 3860 1846 3935 DomInice
1926 3861 2268 3937 millesimo
2350 3866 2653 3938 ducente-

407 4001 590 4053 sumo.
