3485 5571
1816 647 2049 713 -458
2094 683 2163 694 —-

1857 941 2123 1005 CCCXLl

1551 1218 1893 1298 saint-Ay,
1923 1216 2001 1279 22
2023 1216 2248 1297 juillet
2275 1215 2433 1281 1278

869 1447 1145 1518 L’eveque
1174 1445 1388 1503 Robert
1423 1445 1658 1501 accorde
1686 1461 1760 1501 au
1812 1446 2084 1518 chapitre‚
2136 1462 2281 1518 pour
2322 1447 2375 1503 la
2418 1447 2872 1502 reconstruction
2935 1448 3005 1502 de
3061 1446 3106 1503 la

940 1544 1291 1600 cathedrale:
1326 1544 1409 1599 les
1439 1548 1669 1598 annates
1695 1542 1764 1598 de
1793 1548 1975 1598 tontes
2006 1544 2085 1598 les
2115 1543 2430 1614 collegiales
2467 1542 2543 1598 du
2569 1542 2794 1598 diocese
2845 1544 2950 1615 qui
2995 1549 3110 1597 sont

939 1641 971 1695 a
1000 1656 1065 1696 sa
1094 1639 1376 1705 collation‚
1410 1638 1654 1711 pendant
1683 1639 1735 1693 la
1764 1639 1935 1695 duree
1966 1640 2065 1695 des
2090 1646 2316 1695 traveux
2341 1656 2356 1710 ;
2391 1640 2470 1694 les
2491 1639 2775 1695 offrandes
2799 1640 2904 1695 des
2928 1640 3108 1695 fideles

940 1752 1010 1791 en
1041 1737 1096 1791 la
1122 1735 1464 1802 cathedrale,
1493 1737 1624 1792 saur
1645 1735 1716 1791 10
1748 1734 1912 1791 livres
1941 1736 2140 1807 parisis
2165 1736 2235 1792 de
2261 1742 2440 1804 rente,
2469 1753 2580 1808 que
2603 1739 2656 1792 le
2678 1736 2938 1807 chapitre
2956 1736 3110 1791 devm

939 1832 1117 1889 servir
1143 1834 1175 1888 ὲ
1205 1832 1455 1904 Γένέῳιο
1484 1838 1539 1888 et
1562 1833 1595 1887 a
1632 1848 1723 1889 ses
1752 1847 2149 1899 successeurs;
2177 1832 2229 1887 le
2258 1832 2381 1888 bois
2411 1834 2504 1904 qui
2537 1834 2756 1888 sex-vira
2800 1849 2914 1888 aux
2961 1834 3109 1888 echa·

937 1928 1202 1999 saudages
1230 1935 1283 1984 et
1311 1929 1343 1984 a
1369 1929 1617 1998 l'oeuvre,
1658 1929 1690 1983 a
1717 1929 1961 2000 prendre
1988 1928 2129 1984 dans
2171 1930 2254 1985 les
2301 1929 2425 1984 bois
2457 1929 2526 1983 de
2568 1928 2844 2001 l’eveque,
2887 1946 3021 1985 avec
3062 1931 3109 1984 le

939 2031 1365 2081 consentement
1394 2025 1470 2080 du
1499 2026 1618 2093 roi;
1650 2026 1734 2081 les
1765 2026 2001 2097 pierreS,
2039 2025 2180 2080 dans
2224 2025 2304 2080 les
2331 2025 2604 2081 carrieres
2649 2026 3001 2097 episcopales
3043 2042 3108 2082 ou

938 2123 1221 2189 vassales;
1248 2121 1419 2189 enfin,
1472 2137 1621 2191 pour
1668 2121 2142 2177 l'accroissement
2179 2122 2248 2177 de
2289 2122 2342 2178 la
2369 2121 2627 2194 fabrique
2669 2122 2739 2178 de
2782 2122 3020 2194 l'eglise,
3062 2123 3111 2176 ln

937 2219 1093 2289 place
1132 2217 1230 2273 des
1259 2218 1509 2273 maisons
1537 2218 1908 2289 episcopaloS,
1938 2224 2132 2273 nutant
2160 2219 2298 2290 qu‘il
2331 2234 2457 2274 sera
2481 2219 2830 2290 necessaire‚
2894 2219 3107 2275 reserve

938 2316 1021 2371 les
1051 2316 1377 2372 materiaux.

1318 2465 1500 2537 (Orig.
1533 2481 1580 2521 ε.
1613 2465 1806 2537 perch.
1841 2465 2014 2521 Arch.
2047 2465 2122 2521 du
2146 2465 2358 2537 Loiret,
2389 2467 2455 2522 G.
2485 2464 2636 2533 48¹).

960 2679 1281 2753 Universis
1331 2697 1665 2773 presentes
1703 2682 1946 2753 litteras
1985 2682 2373 2774 inspecturis
2447 2686 2789 2777 Robertus,
2853 2682 3106 2757 misera·

867 2794 1052 2869 cione
1079 2799 1296 2868 divina
1363 2796 1839 2869 Aurelianensis
1894 2797 2268 2890 episcopus,
2347 2801 2621 2871 salutem
2674 2814 2737 2871 et
2792 2802 3102 2871 sinceram

866 2912 931 2982 in
959 2910 1237 2984 Domino
1274 2910 1627 2982 caritatem.
1662 2911 1890 2984 Dilecti
1919 2912 2027 2982 filii
2056 2915 2338 2984 decanus
2358 2929 2421 2985 et
2448 2914 2798 3006 capitulum
2838 2913 3103 2987 ecclesie

865 3025 1344 3098 Aurelianensis
1374 3049 1490 3097 sua
1526 3030 1716 3097 nobis
1744 3026 2087 3099 miserabili
2122 3026 2439 3119 peticione
2469 3042 2912 3100 monstrarunt
2942 3029 3098 3120 quod

863 3139 1136 3214 ecclesia
1172 3140 1648 3213 Aurelianensis
1675 3140 1984 3232 predicta,
2028 3139 2223 3212 nimia
2262 3155 2576 3214 vetustate
2601 3157 3012 3235 cousumpta,
3042 3141 3097 3211 in

863 3268 1042 3347 parte
1071 3257 1309 3326 corruit
1334 3269 1395 3325 et
1436 3254 1500 3325 in
1542 3254 1800 3327 residuo
1841 3257 2121 3327 minatur
2147 3257 2426 3327 ruinam.
2449 3259 2606 3328 Cum
2641 3255 2839 3348 igitur
2873 3257 3095 3329 dictam

863 3367 1203 3442 ecclesiam
1244 3368 1579 3441 intendant
1618 3370 1745 3461 ipsi
1785 3372 1865 3441 de
1898 3392 2061 3441 novo
2087 3392 2282 3461 opere
2305 3384 2683 3443 construere
2700 3386 3094 3463 sumptuoso,

861 3487 939 3557 ad
970 3488 1138 3576 quod
1181 3484 1463 3575 ipsorum
1497 3508 1626 3556 non
1680 3500 2030 3576 suppetunt
2088 3488 2448 3570 facultates,
2524 3488 2719 3558 nobis
2785 3486 3095 3558 humiliter

862 3599 1298 3690 supplicarunt
1339 3612 1407 3669 ut
1446 3612 1705 3691 paterna
1753 3622 1947 3691 super
2004 3602 2126 3671 hoc
2178 3599 2299 3671 sibi
2358 3623 2732 3672 curaremus
2785 3600 3091 3674 sollicitu-

863 3709 1011 3781 dine
1052 3709 1403 3802 providere.
1445 3716 1573 3784 Nos
1609 3710 1827 3802 igitur,
1858 3735 2083 3784 eorum
2106 3710 2304 3804 justis
2335 3711 2767 3804 peticionibus
2796 3714 3094 3786 favorabi-

862 3825 1011 3896 liter
1047 3838 1436 3909 annuentes,
1469 3824 1766 3897 annualia
1799 3827 2055 3918 majoris
2085 3849 2160 3898 ac
2190 3826 2454 3898 aliarum
2494 3826 2918 3899 ecclesiarum
2973 3828 3090 3900 col-

862 3937 1238 4030 legiatorum
1269 3937 1542 4010 civitatis
1576 3963 1651 4011 ac
1677 3940 1955 4013 diocesis
1988 3939 2488 4026 Aurelianensis,
2520 3940 2582 4010 in
2613 3941 2852 4032 quibus
2877 3946 2958 4015 ad
2985 3963 3091 4011 nos

862 4053 1128 4125 collacio
1169 4056 1635 4145 prebendarum
1688 4053 1987 4146 pertinet,
2023 4033 2294 4146 'incepta
2369 4053 2606 4126 fabrica
2665 4055 2884 4147 operis
2937 4058 3090 4126 dicte

860 4167 1134 4239 ecclesie
1174 4190 1249 4237 ac
1283 4170 1553 4239 durante
1592 4167 1769 4261 operi
1821 4182 1948 4239 tam
1991 4169 2094 4261 pio
2132 4192 2207 4240 ac
2247 4169 2639 4255 necessario,
2684 4170 2932 4242 eisdem
2994 4191 3089 4261 pa-

861 4295 1043 4353 terno
1068 4280 1545 4373 compacientes
1582 4285 1815 4354 affectu
1855 4281 2273 4355 concedimus
2315 4307 2392 4355 ac
2442 4286 2644 4355 eciam
2693 4286 3084 4375 deputamus.

861 4400 1019 4467 Item
1044 4399 1417 4468 oblaciones
1456 4394 1520 4466 in
1561 4397 1834 4469 ecclesia
1863 4397 2299 4470 Aurelianensi
2319 4398 2421 4490 pia
2452 4399 2795 4471 devotione
2821 4400 3085 4470 fidelium

861 4509 923 4577 in
994 4508 1510 4601 quibuscumque
1552 4514 1772 4595 rebus,
1823 4526 2086 4603 excepta
2140 4533 2312 4596 cera,
2357 4514 2534 4584 dicto
2581 4534 2777 4603 opere
2834 4515 3085 4584 durante

866 4625 1233 4696 offerendas
1273 4626 1446 4698 dicte
1475 4626 1714 4698 labrice
1751 4624 2028 4700 ecclesie
2066 4628 2487 4704 concedimus
2539 4649 2615 4699 ac
2664 4625 2858 4699 etiam
2908 4630 3087 4718 depu-
