3485 5571
1339 645 1693 706 -241—

1414 1046 1616 1105 CLVII

1170 1347 1408 1414 Melan,
1470 1345 1675 1425 [aofit]
1727 1346 1884 1408 1212

394 1598 953 1670 Philippe·Auguste‚
1008 1613 1153 1668 pour
1177 1612 1289 1651 une
1315 1602 1475 1651 rente
1505 1596 1574 1651 de
1601 1597 1671 1652 60
1699 1597 1866 1651 livres
1897 1597 2096 1667 parisis
2134 1596 2364 1668 payahle
2393 1614 2466 1653 au
2516 1601 2652 1670 pre·-

462 1697 557 1750 vot
585 1693 899 1759 d'OrIeanS,
927 1694 1024 1749 fait
1053 1693 1258 1748 remise
1288 1694 1319 1747 ἰι
1343 1690 1591 1763 leveque
1623 1693 1690 1747 de
1712 1710 1815 1747 son
1846 1692 1991 1747 droit
2022 1693 2090 1747 de
2128 1695 2241 1763 gite
2284 1694 2316 1749 a
2345 1695 2550 1765 Meung
2596 1701 2651 1751 et

464 1792 498 1845 a
537 1790 839 1846 Pithivlers
879 1790 921 1845 ¹.
1003 1824 1014 1844 .

348 1890 349 1895 ¹
396 1936 540 2005 (Bih.
575 1937 706 1991 Nat.
740 1935 878 1992 Coll.
914 1937 1143 1990 Moreau
1175 1934 1310 1988 117:
1338 1934 1428 1989 23.
1463 1955 1487 1984 ι
1514 1934 1642 1989 Tire
1672 1934 1748 1990 du
1798 1935 2008 1990 Cartul.
2057 1935 2127 1990 de
2188 1935 2402 2005 l’eglise
2460 1938 2650 1991 cathe-

465 2032 625 2087 drale
650 2033 719 2086 de
742 2031 1120 2087 sainte-croix
1150 2030 1464 2095 d‘OrleanS‚
1486 2031 1535 2085 f⁰
1560 2031 1684 2086 XIII
1716 2042 1787 2097 ν’,
1813 2037 1957 2087 cartu
1999 2030 2152 2086 XIIII
2182 2045 2205 2072 ἃ
2234 2049 2282 2085 ».
2309 2032 2529 2105 Envoye
2552 2049 2651 2104 par

471 2130 538 2183 D.
575 2129 643 2185 G.
667 2127 720 2182 le
747 2127 816 2183 18
839 2128 975 2182 avril
998 2127 1187 2197 1765).

480 2349 555 2415 In
582 2344 846 2416 nomine
868 2358 1089 2439 sancte
1110 2357 1176 2416 et
1198 2343 1526 2414 individue
1556 2342 1884 2414 Trinitatis
1910 2367 2120 2414 amen.
2145 2344 2504 2436 Philippus,
2533 2347 2648 2418 Dei

394 2460 598 2550 gratia
640 2462 1026 2530 Francorum
1059 2482 1192 2529 rex.
1227 2457 1529 2529 Noverint
1567 2460 1852 2528 universi
1893 2472 2230 2548 presentes
2291 2460 2526 2549 pariter
2586 2476 2650 2531 et

392 2575 593 2644 futuri
633 2575 805 2663 quod
849 2595 968 2643 nos
1008 2573 1242 2644 dilecto
1281 2586 1346 2642 et
1385 2570 1552 2641 fideli
1612 2586 1830 2642 nostro
1891 2571 2300 2656 Manasserio‚
2369 2573 2650 2646 Aurelia-

394 2686 582 2758 nensi
614 2686 953 2779 episcopo,
987 2690 1253 2777 ejusque
1317 2687 1807 2757 suecessoribus
1863 2686 2214 2776 quittamus
2281 2688 2350 2756 in
2422 2711 2648 2779 perpe-

395 2816 572 2872 tuum
645 2804 1135 2893 procurationes
1202 2824 1359 2890 quas
1422 2799 1694 2891 singulis
1769 2799 1956 2871 annis
2020 2804 2411 2872 habebamus
2478 2808 2644 2893 apud

393 2919 775 3006 Magdunum
804 2930 870 2986 et
907 2919 1074 3006 apud
1101 2913 1434 2985 Pithiveris
1467 2938 1578 3004 pro
1620 2918 1948 3005 sexaginta
1983 2915 2166 2985 libris
2197 2930 2453 2986 monete
2484 2921 2647 3007 pari-

390 3029 632 3102 siensis
673 3030 915 3100 usualis
978 3052 1140 3119 quas
1196 3029 1335 3118 ipse
1391 3031 1664 3098 reddere
1720 3042 1974 3099 tenetur
2033 3028 2356 3119 preposito
2424 3046 2645 3101 nostro

389 3142 833 3214 Aurelianensi
876 3143 1149 3234 singulis
1187 3145 1378 3212 annis
1408 3144 1473 3212 in
1531 3147 1695 3212 festo
1736 3146 2044 3213 Omnium
2100 3148 2505 3214 Sanctorum.
2570 3150 2644 3216 Et

388 3275 461 3329 ut
519 3263 648 3330 hoc
699 3272 1070 3349 permaneat
1120 3257 1608 3339 inconcussum,
1674 3272 2041 3347 presentem
2083 3260 2378 3349 paginam
2446 3258 2642 3349 sigilli

388 3374 594 3444 nostri
631 3372 1013 3443 authoritate
1052 3387 1116 3442 et
1155 3370 1309 3461 regii
1353 3369 2000 3443 nominiskaractere
2032 3370 2296 3442 interius
2336 3387 2639 3443 annotato

389 3484 799 3578 precepimus
854 3487 1162 3556 roborari.
1230 3491 1455 3555 Actum
1508 3484 1849 3567 Meleduni‚
1917 3509 2086 3555 auno
2139 3485 2393 3556 Domini
2441 3490 2633 3568 1212,

385 3601 570 3690 regni
601 3622 751 3670 vero
782 3602 987 3669 nostri
1026 3622 1195 3669 anno
1236 3602 1368 3668 550.
1411 3601 1786 3668 Astantibus
1817 3605 1879 3668 in
1919 3599 2150 3689 palatio
2211 3616 2431 3669 nostro
2477 3623 2635 3689 quo.-

384 3738 528 3784 rum
557 3712 892 3805 supposita
931 3728 1081 3784 sunt
1111 3713 1370 3783 nomina
1389 3727 1454 3783 et
1492 3711 1697 3804 signa.
1738 3711 2030 3802 Dapifero
2063 3716 2261 3783 nullo.
2305 3718 2370 3782 S.
2408 3715 2637 3783 Guido·

389 3827 489 3897 nis
529 3827 916 3898 buticularii.
962 3833 1030 3898 S.
1063 3827 1491 3897 Bartholomei
1534 3825 1893 3897 camerarii.
1934 3830 1998 3896 S.
2028 3826 2341 3898 Droconis
2381 3842 2634 3898 consta-

388 3941 643 4013 bularii.
685 3946 845 4012 Data
883 3956 1147 4012 vacante
1185 3940 1585 4011 cancellaria.

467 4572 486 4606 ¹
526 4573 692 4629 Arch.
726 4573 875 4639 Nat„
905 4574 956 4628 J.
988 4572 1093 4627 170
1126 4587 1138 4625 ε
1173 4571 1223 4626 4.
1258 4572 1410 4642 Orig.
1446 4589 1493 4625 s,
1527 4573 1715 4642 parch.
1750 4604 1818 4612 —
1849 4573 2103 4627 Manasse
2134 4574 2424 4627 reconnait
2450 4571 2641 4626 devoir

402 4676 493 4717 ces
520 4662 592 4718 60
619 4663 785 4717 livres
812 4660 1014 4732 parisis
1038 4662 1274 4730 (Melun,
1305 4664 1439 4715 aout
1468 4660 1656 4728 1212).

581 4787 719 4840 xiim.
758 4797 897 4840 xxx.
2405 4783 2472 4836 16
