3485 5571
1705 563 2063 628 —168—

755 714 945 782 quem
981 693 1283 762 sacerdos
1362 690 1531 761 illius
1571 689 1848 762 ecclesie
1916 693 2106 761 debet
2164 690 2472 781 episcopo
2523 703 2588 760 et
2651 692 2731 758 ab
2798 688 3010 759 obolis

757 807 869 896 qui
901 806 963 875 in
1002 811 1384 877 Pentecoste
1414 806 1721 896 episcopo
1754 819 1816 877 et
1848 805 2167 896 capicerio
2212 827 2245 874 a
2281 802 2717 896 parrochianis
2756 804 3008 894 persol-

755 938 990 991 vuntur
1056 925 1310 992 volente
1379 936 1443 992 et
1513 923 1915 992 concedente
1978 919 2298 1012 capicerio
2339 934 2422 1008 ,et
2476 921 2784 1009 capitulo,
2862 941 3008 989 eam

758 1037 1084 1108 inmunem
1150 1061 1297 1109 esse
1360 1037 1727 1122 statuimuS,
1778 1036 1885 1127 qui
1951 1052 2165 1108 tamen
2228 1037 2476 1107 decano
2538 1049 2601 1106 et
2685 1034 3009 1126 capicerio

756 1152 1058 1242 quamdiu
1122 1151 1408 1238 vixerint,
1477 1155 1571 1222 vel
1612 1152 1753 1222 aliis
1800 1150 1905 1241 qui
1969 1153 2272 1241 prefatam
2337 1152 2680 1220 ecclesiam
2739 1147 3007 1220 nomine

756 1264 1015 1356 capituli
1076 1267 1413 1347 tenebunt,
1477 1263 1910 1335 communiter
1949 1276 2078 1334 tam
2129 1265 2206 1333 ab
2271 1262 2638 1353 hospitibus
2712 1260 3008 1352 episcopi

756 1402 944 1470 quam
979 1382 1057 1449 ab
1116 1378 1259 1449 aliis
1299 1381 1763 1469 persolventur.
1833 1382 2132 1448 Decanus
2182 1390 2244 1447 et
2322 1375 2679 1467 capicerius
2712 1379 2807 1445 vel
2849 1378 3013 1446 alter

759 1516 980 1564 eorum
1012 1492 1330 1564 sacerdoti
1365 1507 1681 1584 pretaxate
1704 1492 1979 1563 ecclesie
2006 1490 2240 1562 crisma
2274 1493 2541 1573 dabunt,
2572 1493 2666 1561 vel
2707 1489 3010 1561 canonici

758 1607 863 1699 qui
892 1631 927 1677 a
968 1609 1249 1698 capitulo
1277 1609 1619 1678 ecclesiam
1682 1610 2018 1677 tenebunt.
2064 1607 2379 1677 Sacerdos
2416 1604 2586 1676 illius
2624 1604 2904 1677 ecclesie
2931 1606 3010 1673 ad

761 1723 1025 1794 sinodos
1064 1722 1350 1813 episcopi
1391 1721 1600 1793 veniet
1644 1721 1820 1791 utibi
1853 1726 2108 1793 decreta
2145 1736 2208 1793 et
2247 1722 2540 1792 mandata
2580 1723 2659 1790 ab
2698 1719 3010 1811 episcopo

761 1840 1156 1928 promulgata
1190 1839 1430 1907 audiat.
1479 1839 1662 1923 Quod
1707 1836 1758 1907 si
1812 1860 1955 1907 eum
2028 1859 2153 1905 non
2193 1834 2407 1905 venire
2446 1835 2809 1925 contigerit,
2867 1850 3015 1905 tan-

761 1949 1006 2020 tumilli
1047 1951 1153 2040 qui
1186 1949 1527 2021 ecclesiam
1572 1974 1606 2021 a
1640 1949 1918 2041 capitulo
1957 1949 2216 2021 habebit
2256 1972 2449 2040 super
2484 1953 2605 2020 hoc
2632 1947 3007 2018 satisfaciet.

762 2065 1106 2134 Sciendum
1152 2088 1299 2134 vero
1338 2067 1509 2153 quod
1552 2063 1901 2156 capitulum
1935 2064 2329 2155 sepedictam
2371 2065 2710 2135 ecclesiam
2753 2064 3012 2152 Hngoni

763 2183 993 2249 Sancte
1030 2181 1256 2248 Crucis
1300 2181 1545 2249 decano
1571 2196 1636 2248 et
1667 2184 1950 2249 Manasse
1980 2179 2156 2248 fratri
2193 2182 2361 2269 ejuS,
2400 2176 2677 2249 ecclesie
2716 2180 3011 2267 ejusdem

764 2291 1107 2382 capicerio,
1141 2293 1246 2383 qui
1278 2297 1579 2383 prefatam
1613 2307 1843 2362 terram
1872 2296 1950 2361 de
1974 2292 2266 2362 Gervasia
2299 2296 2419 2362 sub
2458 2314 2667 2362 annua
2696 2293 3012 2383 pensione

760 2428 794 2475 a
836 2408 1120 2496 capitulo
1170 2410 1497 2491 tenebant,
1543 2405 1703 2498 ipsis
1742 2406 2044 2497 quamdiu
2090 2404 2354 2477 vixerint
2412 2408 2506 2476 vel
2561 2408 2743 2476 alteri
2782 2427 3010 2475 eorum

764 2521 815 2588 si
845 2523 1004 2588 alter
1041 2519 1511 2590 decesseritvel
1540 2520 1893 2590 canonicus
1952 2534 2170 2590 noster
2208 2543 2353 2591 esse
2389 2519 2674 2602 desierit,
2737 2521 2801 2587 in
2864 2541 3013 2608 pre-

763 2633 930 2704 dicta
974 2633 1265 2704 libertate
1305 2648 1369 2704 et
1409 2624 1810 2705 immunitate
1859 2636 2215 2705 habendam
2271 2633 2621 2716 concessit,
2683 2632 2784 2702 tali
2851 2656 3012 2702 con-

765 2746 1005 2818 ditione
1036 2761 1126 2831 ut,
1158 2761 1301 2840 post
1338 2746 1583 2818 obitum
1611 2747 1886 2819 Sellonis
1913 2747 2292 2831 sacerdotiS,
2321 2747 2424 2819 cui
2451 2745 2776 2819 communi
2807 2747 3009 2817 totius

766 2860 1022 2953 capituli
1102 2885 1426 2932 consensu
1498 2862 1774 2933 ecclesia
1848 2867 1967 2933 ista
2030 2861 2355 2953 assignata
2424 2876 2548 2944 est,
2615 2865 2709 2931 vel
2764 2860 2815 2931 si
2865 2885 3009 2932 eam

765 2999 1023 3067 quoquo
1065 2979 1257 3046 modo
1326 2974 1672 3057 dimiserit,
1738 2982 1842 3046 XX
1904 2975 2147 3047 solidos
2204 2975 2677 3047 Aurelianensis
2752 2990 3011 3045 monete

764 3089 1089 3159 annuatim
1115 3092 1393 3180 capitulo
1437 3094 1821 3179 persolvant,
1853 3106 1915 3162 et
1946 3114 2412 3181 quemcumque
2446 3089 2760 3161 voluerint
2797 3113 3012 3160 sacer·

767 3205 979 3273 dotem
1018 3202 1080 3272 in
1109 3201 1382 3273 ecclesia
1424 3204 1524 3273 illa
1554 3203 1919 3285 instituant,
1961 3207 2057 3275 vel
2081 3207 2480 3294 capellanum
2508 3218 2741 3294 ponant
2780 3204 2881 3293 qui
2909 3204 3012 3273 *eis

768 3318 848 3386 de
875 3315 1176 3386 omnibus
1206 3331 1328 3386 tam
1376 3316 1815 3407 spiritualibus
1849 3341 2042 3407 quam
2100 3317 2556 3409 temporalibus
2605 3321 3016 3408 respondeat,

767 3445 831 3499 et
896 3453 1173 3499 annuam
1207 3430 1583 3520 pensionem
1625 3447 2215 3521 quantamcumque
2276 3430 2728 3502 constituerint
2765 3430 3010 3501 eisdem

771 3546 1110 3633 persolvat.
1157 3546 1307 3613 Post
1348 3545 1678 3634 utriusque
1707 3569 1856 3616 vero
1889 3547 2228 3616 decessum
2260 3547 2699 3637 prenominata
2740 3545 3013 3615 ecclesia

773 3659 837 3725 in
882 3661 1119 3746 pretate
1155 3657 1463 3727 libertatis
1504 3673 1569 3728 et
1608 3658 2030 3729 immunitatis
2109 3659 2503 3749 plenitudine
2556 3662 2633 3729 ad
2674 3660 3012 3729 ecclesiam

773 3776 1004 3841 Sancte
1037 3771 1257 3842 Crucis
1288 3786 1660 3856 revertetur,
1702 3776 1873 3863 quod
1910 3774 2130 3844 licebit
2156 3773 2433 3864 capitulo
2473 3776 2553 3844 de
2588 3775 2863 3844 ecclesia
2909 3771 3011 3841 illa

772 3890 891 3956 sul)
923 3890 1144 3956 eadem
1190 3886 1499 3976 pensione
1539 3911 1725 3976 quam
1767 3889 1986 3979 prelati
2021 3893 2197 3979 Hugo
2237 3903 2299 3959 et
2340 3894 2672 3959 Manasses
2706 3910 3011 3979 percepe-

774 4000 923 4083 rint,
960 4003 1054 4070 vel
1092 4007 1210 4070 sub
1244 4000 1490 4090 majori,
1518 4004 1597 4069 ad
1634 4004 2109 4092 beneplacitum
2150 4019 2214 4073 et
2246 4004 2635 4072 voluntatem
2664 4025 2845 4072 suam
2881 4001 3010 4071 dis-

778 4138 1040 4206 ponere.
1078 4118 1206 4184 Nos
1246 4131 1459 4184 autem
1488 4115 1900 4186 donationem
1934 4139 1968 4186 a
2004 4114 2283 4207 capitulo
2323 4120 2401 4187 de
2424 4115 2785 4205 supradicta
2812 4119 3014 4186 cccle-

777 4228 871 4299 sia
949 4231 1194 4318 Hugoni
1249 4230 1494 4297 decano
1537 4243 1599 4298 et
1671 4234 1958 4300 Manasse
2014 4228 2337 4320 capicerio
2416 4234 2640 4299 factam
2695 4233 3007 4313 volumuS,

776 4348 1233 4434 approbamus,
1314 4356 1377 4411 et
1453 4343 1895 4414 concedimus.
1942 4347 2125 4428 Quod
2195 4366 2275 4414 ne
2333 4347 2533 4414 valeat
2593 4342 3013 4414 dissensionis

778 4458 1082 4526 scandalo
1126 4455 1501 4547 perturbari,
1542 4460 1638 4527 vel
1679 4457 2018 4527 oblivionis
2068 4456 2477 4527 incommodo
2531 4456 2757 4541 deleri,
2825 4456 3011 4546 sigilli

780 4569 979 4640 nostri
1025 4568 1380 4640 munimine
1411 4573 1814 4655 roboramuS,
1864 4594 2091 4641 omnes
2120 4569 2264 4640 illos
2303 4570 2727 4641 anathematis
2767 4569 3013 4640 vinculo
