3485 5571
1388 689 1744 753 —321—

1420 990 1712 1054 CCXXIX

1365 1269 1583 1330 Juillet
1613 1266 1770 1330 1232

444 1501 601 1565 Jean,
628 1499 761 1556 cure
797 1499 866 1554 de
904 1499 1223 1565 FontaineS‚
1254 1513 1537 1569 approuve
1566 1497 1619 1552 le
1649 1496 1761 1552 don
1789 1496 1889 1551 fait
1917 1512 1990 1552 au
2020 1496 2269 1567 chapitre
2300 1513 2401 1568 par
2430 1497 2690 1567 l'eveque

823 1595 1098 1662 Manasse,
1126 1594 1225 1648 des
1253 1593 1432 1649 dimes
1461 1593 1558 1648 des
1588 1592 1816 1649 novales
1847 1592 1916 1647 de
1945 1608 2008 1647 sa
2036 1593 2309 1663 paroisse.

873 1738 1055 1808 (Orig.
1098 1752 1198 1792 sur
1233 1736 1426 1807 parch.
1465 1724 1636 1794 Arch.
1667 1737 1745 1791 du
1774 1736 1985 1807 Loiret,
2019 1736 2084 1792 G.
2118 1735 2267 1803 325).

539 1949 895 2041 Philippus,
967 1950 1081 2021 Dei
1136 1948 1346 2041 gracia
1406 1947 1886 2021 Aurelianensis
1952 1949 2326 2040 episcopus,
2394 1949 2697 2020 omnibus

452 2077 791 2155 presentes
845 2063 1092 2135 litteras
1160 2064 1549 2153 inspecturis
1608 2065 1880 2133 salutem
1933 2060 1996 2131 in
2043 2060 2345 2133 Domino.
2390 2063 2703 2133 Noverint

449 2177 730 2249 universi
791 2180 965 2270 quod
1024 2179 1378 2259 Johannes‚
1447 2190 1705 2247 curatus
1770 2175 2044 2247 ecclesie
2105 2177 2186 2246 de
2240 2179 2575 2260 Fontanis,
2632 2178 2700 2245 in

449 2307 673 2363 nostra
750 2290 1068 2382 presentia
1128 2289 1541 2370 constitutus,
1601 2289 2014 2360 donationem
2077 2303 2140 2359 et
2200 2292 2696 2360 concessionem

446 2431 642 2499 quam
681 2410 851 2479 bone
890 2406 1196 2478 memorie
1255 2411 1601 2491 Manasses,
1644 2407 1967 2497 quondam
2009 2403 2482 2476 Aurelianensis
2521 2405 2692 2497 epis·

446 2545 654 2612 copus
695 2524 1113 2613 predecessor
1143 2535 1387 2602 noster,
1432 2522 1666 2589 fecerat
1697 2521 1943 2589 decano
1992 2532 2056 2588 et
2100 2517 2381 2609 capitulo
2418 2522 2701 2590 Aurelia-

446 2637 766 2706 nensibus
806 2637 885 2705 de
925 2636 1199 2705 decimis
1240 2631 1559 2703 novalium
1614 2630 1946 2722 parrochie
2006 2634 2084 2702 de
2134 2630 2434 2702 Fontanis
2474 2633 2696 2718 voluit,

447 2747 775 2821 concessit
815 2761 878 2819 et
913 2746 1102 2818 etiam
1141 2748 1537 2840 approbavit.
1576 2750 1640 2816 ln
1679 2748 1864 2836 cujus
1896 2744 1986 2816 rei
2018 2747 2397 2817 memoriam
2428 2761 2492 2818 et
2525 2746 2702 2818 testi-

447 2862 740 2934 monium
784 2877 1118 2954 presentes
1159 2862 1399 2932 litteras
1455 2864 1531 2931 ad
1592 2860 1971 2950 petitionem
2013 2860 2163 2930 dicti
2213 2861 2522 2931 Johannis
2563 2861 2698 2931 fieri

447 2976 724 3047 lecimus
789 2991 852 3046 et
919 2974 1108 3065 sigilli
1179 2975 1376 3045 nostri
1420 2975 1777 3043 munimine
1841 2973 2147 3044 roborari.
2221 2980 2446 3046 Actum
2521 2998 2692 3045 anno

447 3091 706 3167 Domini
743 3095 1054 3163 MCCXXX
1091 3095 1405 3177 secundo,
1451 3115 1673 3163 mense
1707 3089 1894 3182 julio.

1454 3412 1708 3473 CCXXX

1346 3685 1428 3745 25
1457 3685 1619 3747 avril
1647 3684 1808 3748 1233

457 3913 836 3986 Engagement
863 3931 963 3986 par
986 3914 1121 3969 Jean
1153 3916 1298 3986 Bois,
1323 3915 1622 3983 chevalier,
1646 3915 1713 3968 de
1745 3931 1807 3968 sa
1847 3914 1996 3968 dime
2023 3914 2298 3987 d’Aulnay
2326 3933 2398 3970 au
2424 3917 2694 3988 chapitre,

1218 4028 1361 4081 pour
1388 4011 1495 4066 200
1522 4012 1688 4067 livres
1718 4011 1936 4083 parisis,

1013 4154 1185 4225 (Orig.
1219 4173 1264 4209 s,
1291 4156 1478 4226 pareh.
1509 4156 1677 4209 Arch.
1711 4155 1787 4210 du
1819 4155 2025 4227 Loiret,
2056 4157 2147 4224 G.)

548 4347 926 4415 Reverendo
955 4343 1111 4435 patri
1149 4367 1224 4416 ac
1255 4344 1514 4415 domino
1557 4343 1917 4438 G[alterio],
1970 4345 2085 4418 Dei
2117 4346 2316 4437 gratia
2344 4345 2702 4418 Senonensi

463 4455 972 4549 archiepiscop0‚
1001 4462 1076 4527 Μ.
1110 4461 1394 4529 decanus
1420 4460 1823 4549 Stampensis
1854 4461 2122 4531 salutem
2177 4474 2240 4530 et
2272 4484 2343 4530 se
2376 4474 2578 4530 totum
2621 4464 2700 4530 ad

467 4574 683 4662 pedes.
716 4570 972 4642 Noverit
1035 4572 1381 4663 paternitas
1437 4586 1644 4642 vestra
1700 4575 1871 4662 quod
1909 4576 2235 4643 lohannes
2275 4571 2483 4644 dictus
2526 4573 2698 4660 Bois,

464 4683 670 4772 miles,
698 4684 762 4755 in
790 4709 931 4757 mea
952 4685 1284 4777 presencia
1315 4685 1728 4767 constitutuS‚
1758 4700 1822 4756 et
1850 4685 2102 4756 Acelina
2138 4711 2292 4757 uxor
2315 4710 2429 4760 sua
2462 4686 2524 4756 in
2556 4710 2702 4759 mea

640 4830 782 4883 ιιέυ.
814 4843 942 4883 xxx.
2463 4830 2526 4884 2¹
