3485 5571
1773 670 1850 684 -
1893 633 2132 700 468—-

1849 1038 2035 1099 CCCL

1580 1339 1783 1413 PariS‚
1824 1338 1897 1400 21
1947 1338 2107 1402 aout
2152 1337 2301 1401 1281

815 1594 1036 1649 Lettres
1066 1592 1136 1647 de
1166 1590 1423 1663 Philippo
1446 1590 1500 1647 le
1531 1591 1705 1647 Hardi
1735 1591 2039 1664 requerant
2066 1606 2138 1648 en
2165 1591 2362 1647 favour
2389 1590 2461 1645 de
2487 1590 2870 1646 sainte-Croix
2901 1590 3071 1646 l'exe-

888 1689 1080 1746 cution
1128 1689 1227 1744 des
1276 1688 1469 1743 lettres
1524 1687 1595 1743 de
1655 1688 2021 1745 saint-Leuis
2075 1704 2176 1744 sur
2229 1688 2284 1742 la
2333 1687 2552 1742 cession
2600 1687 2703 1742 des
2744 1686 2930 1743 dtmes
2967 1702 3067 1741 aux

887 1786 1093 1855 eglises
1128 1786 1236 1855 (ch.
1270 1783 1574 1855 CCCXIX).

1281 1929 1466 2001 (Orig.
1499 1947 1546 1986 s.
1578 1928 1765 2001 parch.
1803 1929 1972 1985 Arch.
2007 1928 2083 1984 du
2111 1928 2320 1999 Loiret,
2353 1929 2419 1985 G.
2457 1926 2603 1997 483.)

908 2143 1259 2237 Philippu8‚
1303 2145 1418 2216 Dei
1481 2143 1693 2236 gracia
1734 2149 2116 2216 Francorum
2159 2168 2291 2229 rex,
2334 2142 2567 2216 ballivo
2618 2144 3060 2215 Aurelianensi

813 2261 1111 2329 salutem.
1184 2261 1340 2329 Cum
1405 2257 1622 2330 inclite
1674 2256 2140 2331 recordationis
2202 2258 2580 2333 carissimus
2642 2258 2947 2329 dominus
3001 2272 3062 2329 et

813 2375 1071 2462 genitor
1096 2387 1315 2444 noster
1354 2371 1737 2457 Ludovicus‚
1767 2396 1872 2445 rex
1912 2377 2327 2456 Francorum,
2358 2373 2422 2443 in
2459 2376 2738 2444 lavorem
2769 2375 3059 2443 Ecclesie

810 2485 1247 2557 concessisset
1293 2489 1467 2577 quod
1525 2509 1754 2558 omnes
1816 2508 2089 2579 persone
2150 2488 2430 2564 laicales,
2494 2484 2781 2557 decimas
2847 2485 3055 2576 perci-

811 2597 1060 2690 pientes
1101 2603 1160 2670 in
1204 2623 1402 2691 regno
1464 2603 1751 2683 Francie‚
1813 2600 1877 2670 in
1935 2602 2192 2671 feodum
2244 2613 2578 2671 moventes
2643 2599 2922 2670 mediate
2962 2601 3051 2669 vel

809 2713 1176 2787 immediate
1200 2717 1281 2787 ab
1321 2713 1488 2807 ipso,
1526 2737 1687 2807 quas
1723 2716 2003 2788 ecclesie
2050 2717 2455 2807 perciperent
2494 2713 2550 2785 si
2590 2735 2699 2785 eas
2737 2712 2883 2783 laici
2924 2734 3046 2782 non

808 2832 1141 2912 baberent,
1175 2829 1421 2922 possint
1449 2853 1559 2902 eas
1586 2830 1974 2921 relinquere,
2000 2820 2172 2901 ‚dm
2195 2843 2261 2901 et
2298 2829 2422 2901 alio
2449 2851 2860 2920 quocumque
2877 2831 3042 2921 justo

808 2957 870 3015 et
907 2945 1087 3015 licito
1142 2946 1334 3015 modo
1387 2943 1684 3015 ecclesiis
1735 2947 2098 3016 concedere
2156 2946 2469 3015 tenendas
2529 2940 2593 3012 in
2649 2958 3048 3035 perpetuum,

808 3057 1012 3149 ipsius
1053 3060 1147 3127 vel
1189 3079 1640 3129 successorum
1674 3080 1939 3128 suorum
1970 3080 2243 3129 assensu
2281 3055 2546 3129 minime
2592 3053 2928 3147 requisito,
2980 3068 3042 3125 tu

810 3174 906 3241 vel
965 3170 1159 3261 aliqui
1218 3194 1291 3242 ex
1335 3186 1510 3262 parte
1549 3186 1655 3243 tua
1695 3173 2010 3243 decanum
2069 3184 2134 3243 et
2175 3172 2525 3261 capitulum
2568 3170 3049 3242 Aurelianenses

810 3308 1007 3376 super
1054 3286 1436 3376 quibusdam
1502 3284 1775 3357 decimis
1815 3309 1928 3376 per
1973 3284 2152 3378 ipsos
2190 3284 2526 3376 acquisitis
2565 3299 2859 3378 pretextu
2899 3282 3050 3358 ordi·

810 3392 1091 3465 nationis
1160 3409 1379 3466 nostre
1450 3417 1645 3485 super
1712 3393 1898 3466 novis
1965 3394 2529 3485 acquisitionibus»,
2601 3420 2728 3488 qne
2794 3420 2921 3470 non
2983 3417 3046 3467 se

809 3510 1096 3579 extendit
1121 3511 1199 3579 ad
1233 3511 1539 3591 decimas,
1574 3523 1796 3580 contra
1827 3509 2319 3581 concessionem
2343 3509 2740 3602 hujusmodi,
2778 3524 2848 3583 ut
2877 3511 3047 3583 intel·

809 3619 1104 3706 leximu3‚
1128 3624 1409 3714 impedis
1434 3636 1498 3694 et
1519 3627 1877 3713 perturbas.
1914 3629 2128 3709 Quare
2168 3626 2548 3697 mandamus
2572 3625 2691 3695 tibi
2725 3626 3041 3718 quatinus,

811 3734 1301 3807 concessionem
1344 3737 1694 3828 predictam
1727 3736 1971 3807 faciens
1998 3737 2262 3822 servari,
2294 3739 2619 3829 predictos
2650 3742 2959 3812 decanum
2984 3750 3043 3808 et

810 3850 1158 3940 capitulum
1207 3873 1402 3942 super
1457 3849 1727 3922 decimis
1769 3850 2075 3941 predictis
2115 3874 2241 3924 non
2285 3856 2594 3925 molestes
2631 3877 2756 3926 nec
2795 3852 3042 3946 permit-

810 3977 904 4035 tas
929 3963 1212 4035 indebite
1252 3963 1602 4036 molestari.
1642 3970 1868 4035 Actum
1898 3964 2206 4049 Parisius,
2250 3966 2354 4038 die
2396 3966 2614 4039 martis
2647 3983 2791 4058 post
2821 3972 3038 4039 lestnm

811 4079 977 4149 beati
1017 4078 1363 4163 Laurentii,
1400 4100 1569 4149 anno
1620 4078 1875 4150 Domini
1916 4079 2264 4151 millesimo
2303 4082 2751 4153 ducentesimo
2788 4097 3041 4173 octoge-

809 4189 976 4262 simo
1002 4193 1231 4283 primo.
