3485 5571
1432 665 1788 731 -405—

482 795 699 867 divine
757 794 1016 886 pietatis
1075 793 1309 866 intuitu
1347 808 1412 867 et
1450 798 1603 886 quia
1639 793 1765 887 iuri
1806 816 2169 868 consonum
2209 798 2485 883 videtur,
2513 797 2730 871 omni-

482 913 603 981 bus
644 908 1019 1002 presbiteris
1061 911 1569 1000 parrochialibus
1604 909 1668 978 in
1709 912 2026 981 decanatu
2056 913 2501 984 Aurelianensi
2539 937 2729 986 cons·

477 1023 686 1096 titulis
724 1038 789 1095 et
821 1046 1042 1096 eorum
1067 1023 1557 1096 successoribus
1574 1023 1996 1097 concedimus
2024 1024 2087 1095 in
2115 1041 2493 1118 perpetuum
2521 1032 2723 1119 quod,

481 1143 1018 1233 quandocumque
1059 1139 1238 1231 ipsos
1299 1142 1614 1212 decedere
1680 1139 2052 1232 contigerit,
2117 1141 2326 1214 vineis
2401 1142 2538 1215 suis
2596 1147 2728 1236 jam

395 1342 406 1353 .
481 1278 631 1328 cum
662 1253 935 1328 fossorio
967 1268 1030 1326 et
1068 1277 1254 1346 sarpa
1291 1254 1499 1337 lactiS‚
1535 1258 1615 1327 de
1639 1255 1954 1327 {ructibus
1990 1253 2242 1326 illarum
2282 1258 2728 1331 defunctorum

482 1371 987 1465 presbiterorum
1055 1370 1269 1442 debita
1346 1373 1819 1463 persolvantur,
1898 1369 1953 1442 si
2025 1370 2184 1442 alias
2235 1373 2319 1443 de
2383 1373 2730 1445 mobilibus

481 1489 858 1559 eorumdem
890 1488 1053 1559 solvi
1080 1509 1208 1557 non
1242 1499 1537 1578 possent.
1574 1487 1643 1556 Si
1686 1508 1839 1557 vero
1880 1484 2115 1557 debitis
2142 1484 2407 1578 obligati
2445 1510 2572 1560 non
2600 1491 2732 1560 lue-

482 1601 637 1687 rint,
678 1599 945 1694 predicti
1002 1605 1246 1673 tructus
1306 1602 1386 1671 de
1426 1599 1698 1673 consilio
1737 1602 1969 1671 decani
2005 1623 2117 1693 per
2154 1623 2386 1673 manus
2434 1617 2731 1675 executo-

481 1740 626 1788 rum
665 1740 928 1788 suorum
967 1716 1033 1787 in
1075 1715 1412 1788 utilitatem
1468 1717 2010 1808 presbiteratuum
2050 1728 2601 1800 converterentur,
2644 1716 2729 1789 ita

482 1846 700 1905 tamen
740 1835 909 1924 quod
953 1855 1067 1924 pro
1111 1832 1437 1903 defunctis
1493 1830 1873 1924 presbiteris
1914 1834 2067 1903 fiant
2106 1830 2433 1904 orationes
2500 1835 2731 1905 diebus

483 1946 853 2032 dominicis»,
891 1960 1078 2038 prout
1117 1944 1316 2018 moris
1345 1960 1470 2031 est,
1513 1945 1577 2016 in
1606 1945 1742 2017 suis
1781 1944 2104 2033 ecclesiis,
2146 1961 2210 2018 et
2241 1946 2528 2038 ipsorum
2551 1947 2735 2019 anni-

481 2061 760 2133 versaria
792 2061 1121 2133 annuatim
1159 2061 1223 2131 in
1264 2059 1420 2153 ipsis
1451 2061 1755 2132 ecclesiis
1791 2063 2225 2132 celebrentur.
2250 2065 2320 2132 ln
2362 2064 2486 2134 hoc
2512 2076 2728 2134 autem

483 2174 1033 2248 consideravimus
1073 2173 1405 2247 utilitatem
1459 2174 1882 2248 ecclesiarum
1935 2175 2429 2266 parrochialium
2464 2176 2728 2249 eviden-

483 2303 642 2374 tem,
687 2304 753 2361 ut
786 2293 863 2362 ad
892 2290 1173 2381 ipsarum
1199 2290 1617 2363 ecclesiarum
1663 2290 1883 2361 vineas
1921 2293 2304 2362 excolendas
2331 2305 2395 2363 et
2440 2294 2603 2364 bene
2640 2294 2731 2363 fa-

483 2404 747 2476 ciendas
781 2405 1215 2498 parrochiales
1246 2404 1582 2497 presbiteri
1622 2403 1873 2476 (acilius
1915 2418 2365 2497 provocentur.
2419 2411 2486 2477 ln
2543 2410 2730 2500 cujus

482 2518 574 2592 rei
612 2520 985 2592 memoriam
1015 2535 1080 2592 et
1137 2520 1467 2592 munimen
1512 2519 1728 2612 sigillo
1772 2533 1996 2593 nostro
2051 2522 2323 2592 fecimus
2362 2537 2728 2613 presentem

479 2633 757 2706 litteram
799 2633 1084 2726 sigillari.
1154 2640 1386 2707 Datum
1440 2636 1505 2706 in
1558 2635 1838 2726 capitulo
1899 2637 2214 2726 generali,
2255 2658 2426 2707 anno
2464 2636 2724 2708 Domini

481 2750 683 2820 MCCL
747 2771 947 2835 nono,
990 2753 1057 2820 in
1099 2749 1450 2822 crastinum
1486 2748 1903 2822 Exaltationis
1953 2763 2176 2822 sancte
2210 2748 2457 2836 Crucis,
2503 2773 2754 2824 mense.

482 2863 863 2956 septembri.

1500 3243 1718 3307 CCCIV

1322 3546 1680 3611 Decembre
1732 3547 1890 3612 1259

471 3797 614 3852 Jean
643 3793 714 3849 de
743 3793 1160 3850 Saint·Brisson
1189 3811 1471 3867 approuve
1500 3796 1552 3851 la
1602 3799 1759 3850 vente
1796 3811 1900 3868 par
1934 3811 2041 3852 son
2066 3796 2249 3852 vassal
2281 3798 2419 3852 Jean
2471 3797 2728 3860 Garnaut
2790 3867 2793 3870 Α

553 3891 585 3944 a
613 3891 992 3947 Sainte-Croix
1035 3890 1106 3946 de
1147 3907 1208 3947 sa
1235 3890 1384 3946 dime
1436 3891 1504 3948 de
1554 3890 1647 3947 ble
1676 3896 1732 3947 et
1760 3892 1829 3947 de
1887 3891 1978 3948 vin
2001 3892 2144 3948 dans
2186 3892 2269 3949 les
2320 3894 2600 3964 paroisses
2656 3894 2726 3953 de

557 3988 1084 4044 Nouan-sur-Loire
1105 3992 1157 4043 et
1188 3988 1255 4043 de
1284 3986 1520 4045 MuideS.
2476 4002 2483 4010 ·

953 4133 1124 4204 (Orig.
1159 4151 1204 4189 s,
1236 4134 1425 4206 parch.
1460 4134 1630 4191 Arch.
1665 4133 1742 4189 du
1771 4133 1980 4216 Loiret,
2010 4136 2076 4192 G.
2105 4136 2255 4210 356.)

569 4350 887 4422 Omnibus
949 4366 1283 4443 presentes
1322 4352 1566 4428 litteras
1605 4352 1993 4444 inspecturis
2020 4355 2343 4425 lohannes
2383 4357 2463 4426 de
2490 4359 2721 4428 Sancto

479 4464 795 4553 Bricione‚
864 4464 1074 4554 miles,
1119 4469 1389 4539 salutem
1432 4465 1497 4536 in
1537 4470 1839 4539 Domino.
1875 4466 2175 4538 Noverint
2230 4467 2506 4540 universi
2547 4474 2721 4560 quod

476 4603 624 4652 cum
646 4582 998 4669 Jobanne5‚
1045 4580 1255 4653 dictus
1287 4588 1636 4667 Guarnaut,
1669 4595 1733 4653 et
1762 4580 1986 4665 Gileta,
2021 4585 2160 4673 ejus
2201 4605 2380 4667 uxor,
2418 4585 2723 4656 vendide-

483 4693 608 4768 rint
660 4694 1132 4769 venerabilibus
1193 4694 1341 4769 viris
1392 4697 1637 4769 decano
1707 4709 1772 4769 et
1833 4694 2112 4790 capitulo
2160 4695 2720 4771 Aurelianensibus
