3485 5571
1390 646 1631 710 —543
1680 680 1752 693 —

532 774 595 845 in
647 776 850 846 sacris
890 773 1054 845 infra
1106 774 1463 865 proximum
1505 777 1775 858 Pascha,
1816 774 2109 848 similiter
2155 778 2440 848 decanus
2503 778 2698 848 habet

532 910 761 959 omnes
798 910 1061 979 grossos
1098 891 1342 958 tructus
1376 903 1439 959 et
1477 886 1975 979 archipresbiter
2000 888 2222 976 nichil,
2245 890 2483 961 etfacit
2515 887 2695 960 simi-

534 1001 678 1073 liter
715 999 1025 1073 deserviri
1056 1001 1330 1073 ecclesie
1366 1000 1578 1073 dictus
1609 1004 1917 1074 decanus·

444 1120 601 1188 Item
632 1115 1056 1188 atriconarius
1081 1115 1418 1187 consuevit
1445 1116 1773 1187 associare
1795 1115 2405 1209 archipresbiterum
2431 1115 2693 1188 infestis

531 1229 912 1301 annualibus
972 1233 1052 1301 ad
1121 1233 1638 1301 manducandum
1704 1229 1769 1300 in
1846 1230 2056 1322 vigilia
2128 1244 2190 1302 et
2246 1230 2308 1301 in
2372 1228 2474 1302 die
2541 1255 2688 1302 cum

536 1347 804 1432 decano,
834 1346 888 1416 si
928 1344 1009 1415 sit
1050 1344 1113 1414 in
1145 1343 1325 1428 villa;
1368 1358 1433 1416 et
1471 1345 1525 1414 si
1555 1348 1843 1416 decanus
1882 1368 2009 1417 non
2036 1359 2120 1416 sit
2158 1344 2222 1415 in
2256 1347 2429 1429 villa,
2459 1344 2696 1416 atrico-

536 1458 754 1530 narius
803 1460 1141 1530 consuevit
1197 1461 1582 1531 manducare
1621 1481 1769 1529 cum
1823 1458 2363 1550 archipresbitero
2410 1458 2465 1530 si
2505 1457 2590 1530 sit
2628 1459 2693 1529 in

537 1573 704 1644 villa.

445 1692 604 1759 Item
666 1687 1168 1779 archipresbiter
1221 1689 1413 1758 hahet
1477 1690 1915 1759 omnimodam
1975 1686 2427 1780 juridicionem
2504 1709 2699 1778 super

536 1818 806 1894 quatuor
828 1807 1128 1895 personis
1150 1825 1275 1894 que
1301 1804 1617 1874 defferunt
1645 1826 1991 1896 campanas
2013 1827 2125 1895 per
2156 1805 2392 1889 villam,
2420 1817 2484 1873 et
2509 1805 2699 1874 debet

536 1917 817 2009 quelibet
856 1940 1131 2010 persona
1170 1919 1247 1988 Vl
1281 1917 1577 1988 denarios
1616 1918 1810 1989 annui
1848 1941 2085 1990 census
2121 1919 2184 1988 in
2213 1916 2426 2008 vigilia
2463 1916 2699 1990 Natalis

534 2031 815 2103 Domini.

447 2150 606 2217 Item
652 2146 861 2217 dictus
899 2145 1395 2237 archipresbiter
1425 2150 1615 2217 habet
1653 2146 2102 2239 juridicionem
2143 2146 2537 2238 spiritualem
2585 2146 2695 2240 [in]

539 2263 916 2355 parrochiali
939 2263 1214 2335 ecclesia
1237 2266 1316 2334 de
1336 2266 1563 2348 ulmis,
1583 2262 2068 2335 Aurelianensis
2090 2262 2393 2347 diocesi3‚
2419 2276 2482 2334 et
2505 2266 2700 2334 colla-

538 2377 788 2449 cionem
847 2399 1037 2470 quam
1092 2376 1297 2449 eciam
1357 2389 1532 2449 tenet
1581 2401 1616 2448 a
1661 2380 1912 2450 decano
1957 2391 2021 2450 et
2066 2376 2450 2470 generaliter
2484 2376 2700 2448 omnia

537 2489 922 2581 pertinentia
955 2492 1034 2560 ad
1073 2489 1773 2582 archipresbiteratum.

447 2608 607 2676 Item
671 2602 1169 2695 archipresbiter
1233 2603 1558 2697 predictus
1611 2618 1868 2677 tenetur
1931 2608 2142 2676 facere
2209 2603 2471 2676 cuilibet
2535 2627 2700 2676 novo

536 2720 781 2791 decano
826 2718 1194 2810 homagium
1252 2734 1316 2791 et
1368 2722 1805 2812 juramentum
1855 2719 2179 2793 fidelitatis
2229 2743 2343 2811 per
2376 2722 2696 2802 osculum,

537 2837 700 2905 alias
732 2832 943 2905 dictus
982 2836 1267 2905 decanus
1295 2832 1524 2926 recipit
1559 2837 1806 2906 fructus
1837 2834 1993 2906 dicti
2028 2835 2695 2928 archipresbiteratus,

799 3002 857 3069 J.
905 3003 1242 3081 Goummrr,
1297 3022 1409 3088 pro
1464 2996 1820 3069 collacione
1874 3001 2036 3069 facta
2093 3022 2241 3070 cum
2293 2997 2488 3068 simili
2546 3020 2701 3089 qua-

894 3127 1101 3183 terno.
