3485 5571
1470 593 1788 658 ..71—

501 726 765 795 missam
806 723 1128 813 quondam
1189 719 1511 813 privilegia
1572 723 1704 795 sive
1768 737 2085 814 praecepta
2143 722 2206 793 in
2265 723 2579 815 eligendis
2621 723 2743 795 sibi

502 836 911 930 pontificibus
949 851 1075 908 tam
1115 836 1492 909 auctoritate
1530 840 1876 929 apostolica
1934 862 2254 930 quamque
2306 854 2554 931 patrum
2596 863 2749 911 nos-

500 965 741 1023 trorum
814 950 1298 1023 confirmatione
1390 951 1692 1024 habuisse
1777 956 2050 1036 firmata,
2128 956 2299 1044 quod
2349 953 2742 1025 lamentabili

497 1072 1003 1137 Normannorum
1044 1065 1491 1157 persecutione
1531 1089 1678 1137 cum
1713 1067 1935 1138 multis
1985 1065 2127 1138 aliis
2175 1070 2468 1158 ejusdem
2526 1071 2745 1139 eccle-

497 1179 610 1251 siae
649 1179 956 1250 librorum
1015 1202 1089 1250 ac
1141 1192 1667 1250 testamentorum
1726 1182 1931 1272 copiis
1984 1180 2501 1251 concrematione
2551 1183 2746 1272 depe-

498 1293 662 1365 risse
724 1293 1031 1377 incendii,
1088 1317 1218 1364 non
1284 1296 1491 1364 solum
1553 1292 1981 1366 veridicorum
2038 1293 2321 1366 fidelium
2377 1308 2743 1366 nostrorum

500 1420 769 1479 testatur
809 1406 1057 1490 relatio,
1101 1430 1315 1478 verum
1358 1406 1547 1478 etiam
1581 1406 1783 1499 ipsius
1824 1406 2045 1478 matris
2070 1410 2366 1479 ecclesiae
2393 1407 2682 1493 basilica,
2710 1431 2747 1480 a

496 1521 885 1613 supradictis
965 1520 1144 1612 regni
1240 1521 1760 1614 persecutoribus
1844 1536 2275 1605 concremata,
2363 1521 2745 1594 certissimis

495 1635 830 1728 praetendit
863 1634 1142 1706 indiciis.
1190 1635 1296 1707 His
1336 1635 1528 1726 igitur
1566 1635 1951 1708 venerabilis
2008 1638 2353 1728 episcopus
2411 1636 2743 1708 Gauterius

491 1750 784 1831 anexius,
826 1748 1245 1820 considerans
1284 1748 1420 1820 suis
1469 1749 1697 1820 diebus
1748 1763 2098 1821 memorata
2139 1749 2399 1821 instanti
2441 1773 2744 1841 persecu-

495 1862 667 1934 tione
716 1876 779 1933 et
835 1862 1176 1934 ecclesiam
1220 1878 1722 1948 concrematam,
1775 1878 1839 1935 et
1879 1863 2265 1955 permaxime
2304 1865 2459 1935 tanti
2499 1887 2574 1936 ac
2613 1864 2744 1935 sin-

490 1977 732 2070 gularis
764 1976 1068 2070 privilegii
1112 1977 1245 2048 sive
1285 1979 1587 2069 praecepti
1637 1980 1972 2062 damnum,
2030 1977 2468 2049 universarum
2510 1979 2745 2055 utilita-

491 2106 628 2162 tum
659 2091 866 2183 ipsius
904 2090 1198 2163 ecclesiae
1226 2092 1498 2182 cupidus
1553 2105 1969 2176 restaurator,
2005 2095 2229 2183 juncto
2266 2092 2401 2164 suis
2444 2096 2742 2184 precibus

488 2205 716 2277 inclito
772 2228 846 2277 ac
888 2205 1231 2277 venerabili
1286 2208 1548 2296 Hugone
1589 2209 1857 2289 Abbate,
1907 2221 2116 2277 tutore
2170 2221 2390 2278 nostro
2437 2230 2513 2278 ac
2563 2207 2741 2299 regni

487 2320 768 2392 maximo
835 2323 1200 2404 defensore,
1264 2342 1415 2390 cum
1475 2319 1739 2411 reliquis
1802 2319 2039 2391 nostris
2104 2319 2426 2405 fidelibus,
2486 2322 2741 2413 sapien-

487 2434 743 2506 tissime
785 2452 1066 2507 nostram
1106 2434 1611 2526 magnitudinem
1653 2437 1934 2507 exoravit
1975 2449 2040 2505 ut
2075 2450 2312 2507 nostrae
2341 2436 2742 2509 auctoritatis

485 2564 883 2641 praeceptum
938 2573 1134 2642 super
1185 2555 1308 2620 hoc
1371 2573 1507 2620 suae
1560 2553 1773 2621 denuo
1812 2553 2378 2622 confirmassemus
2418 2554 2738 2636 ecclesiae,

482 2679 680 2757 atque
722 2664 982 2736 liberam
1008 2687 1041 2734 a
1086 2678 1302 2735 nostra
1342 2678 1519 2756 parte
1555 2663 1877 2735 licentiam
1914 2663 2122 2736 eidem
2153 2665 2736 2751 concessissemus,

481 2778 818 2872 antiquam
849 2777 1293 2851 auctoritatem
1324 2801 1500 2850 more
1528 2776 1841 2850 canonico
1880 2803 1913 2849 a
1947 2780 2111 2850 Sede
2142 2782 2509 2870 Apostolica
2539 2782 2742 2874 impe-

484 2895 700 2968 trandi
726 2896 767 2964 ¹.
815 2894 1001 2967 Petiit
1042 2917 1295 2985 quoque
1338 2907 1728 2965 memoratus
1757 2893 2138 2965 venerabilis
2177 2894 2521 2987 episcopus
2564 2911 2631 2968 ut
2661 2899 2742 2969 de

485 3007 681 3091 villis,
741 3007 1006 3079 Basilica
1059 3005 1306 3078 scilicet
1352 3021 1417 3077 et
1469 3009 1741 3093 Ulmeto,
1806 3029 1969 3095 quas
2028 3005 2150 3098 piae
2215 3010 2547 3080 memoriae
2584 3033 2741 3082 avus

483 3137 713 3195 noster
773 3125 1039 3193 Karolus
1095 3119 1441 3212 imperator
1497 3143 1630 3191 suae
1692 3119 1972 3191 restituit
2032 3121 2351 3206 ecclesiae,
2412 3136 2604 3214 atque
2660 3126 2742 3196 de

483 3238 632 3308 villa
699 3237 1030 3320 Cadonno,
1107 3258 1298 3325 quam
1371 3248 1622 3306 suetam
1700 3258 1815 3326 per
1884 3234 2402 3327 deprecationem
2455 3237 2740 3329 Hugonis

485 3348 873 3423 venerabilis
901 3348 1159 3420 Abbatis
1185 3351 1400 3421 eidem
1427 3347 1988 3420 concessissemus
2018 3350 2498 3431 ecclesiae,cum
2529 3355 2740 3423 omni-

485 3469 610 3537 bus
665 3462 1064 3557 appendiciis
1130 3465 1209 3534 ad
1269 3464 1530 3535 easdem
1583 3462 2078 3555 pertinentibuS,
2131 3487 2382 3536 necnon
2424 3466 2618 3536 etiam
2657 3469 2737 3539 de

483 3578 791 3653 omnibus
855 3580 1047 3650 rebus
1105 3600 1263 3668 quas
1325 3578 1627 3669 praelatus
1692 3581 1926 3668 praesul
1993 3592 2120 3648 tam
2184 3577 2248 3648 in
2315 3579 2735 3652 luminaribus

482 3714 808 3785 quamque
840 3689 1034 3763 etiam
1086 3688 1150 3760 in
1191 3689 1478 3761 omnium
1525 3712 1789 3761 suorum
1830 3690 2284 3763 canonicorum
2317 3692 2569 3779 usibus,
2601 3707 2731 3765 tam

481 3804 734 3878 scilicet
797 3806 980 3876 matri
1060 3803 1350 3876 ecclesiae
1441 3827 1630 3896 quam
1714 3803 1977 3896 reliquis
2054 3805 2174 3876 sibi
2267 3805 2732 3898 pertinentibus

484 3920 901 3993 monasteriis
937 3933 1205 3990 actenus
1265 3941 1376 4010 per
1415 3932 1871 3990 testamentum
1909 3920 2245 4011 delegavit,
2283 3924 2379 3991 vel
2424 3921 2731 4014 deinceps

479 4040 621 4107 Deo
661 4030 949 4127 propicio
979 4035 1389 4123 delegaturus
1416 4031 1727 4104 canonice
1767 4047 1889 4115 est,
1920 4034 2120 4105 nostri
2165 4033 2465 4126 praecepti
2507 4038 2732 4107 confir-

482 4170 850 4220 massemus
888 4145 1315 4232 auctoritate3
1356 4145 1655 4239 quatinus
1709 4146 1941 4218 futuris
1994 4147 2392 4240 temporibus
2450 4147 2514 4220 in
2573 4173 2731 4221 usus

554 4510 572 4545 ¹
610 4511 695 4568 Cf.
746 4512 845 4568 Ch.
893 4513 1141 4569 XXXIX.
1193 4513 1269 4569 Le
1324 4530 1466 4585 pape
1522 4514 1722 4569 Martin
1766 4514 1816 4570 II
1863 4514 2096 4570 accorda
2145 4521 2285 4571 cette
2338 4515 2728 4571 confirmation

483 4618 811 4674 canumque.
2334 4615 2336 4618 ⁴
