3485 5571
1787 719 1862 729 -.
1909 681 1987 746 64
2029 719 2106 729 .-

810 812 1147 885 eventibus
1192 834 1418 903 magna
1480 834 1553 883 ex
1622 824 1800 903 parte
1856 809 2274 902 deperierint,
2330 832 2608 895 necnon,
2676 810 3054 902 paupertatis

812 949 1006 999 causa
1063 925 1521 1019 praepediente,
1561 922 1756 994 divini
1798 927 2012 995 cultus
2052 922 2333 996 osticium
2378 923 2829 996 miserabiliter
2880 924 3054 997 luerit

814 1043 1219 1124 destitutum,
1253 1038 1410 1110 etin
1440 1039 1666 1109 eadem
1693 1035 2040 1108 miserabili
2071 1037 2464 1128 collapsione
2491 1038 2619 1108 imo
2643 1036 3054 1110 destitutione

812 1155 1053 1225 tamdiu
1085 1153 1223 1246 ipsa
1259 1150 1605 1245 perstiterit
1639 1157 1897 1234 domuS,
1930 1154 2159 1232 donec,
2195 1150 2545 1243 inspirante
2585 1153 2740 1238 Deo,
2777 1156 3056 1222 Domnus

812 1281 1064 1338 attavus
1104 1282 1324 1338 noster
1378 1268 1565 1337 bonae
1624 1263 1952 1337 memoriae
2012 1270 2301 1349 Karolus‚
2372 1266 2508 1351 sive
2573 1265 2764 1336 etiam
2821 1266 3060 1357 genitor

814 1392 1037 1450 noster
1075 1393 1316 1449 sanctae
1377 1378 1705 1449 memoriae
1759 1376 2142 1459 LudovicuS,
2186 1376 2625 1449 nobilissimus
2677 1379 3059 1449 orthodoxus
3128 1384 3137 1394 ‘

813 1492 1194 1585 imperator,
1240 1494 1435 1564 cellas
1474 1494 1790 1582 quasdam
1818 1489 1983 1582 juris
2021 1493 2312 1582 ejusdem
2351 1491 2662 1585 episcopii
2700 1514 2848 1562 cum
2881 1496 3061 1563 rebus

814 1605 960 1677 aliis
990 1629 1103 1699 per
1128 1604 1664 1677 intercessionem
1708 1603 1830 1696 piae
1870 1604 2335 1676 recordationis
2383 1606 2541 1676 aviae
2582 1619 2820 1678 nostrae
2863 1604 3058 1676 Hilde-

815 1722 1032 1811 gardis
1071 1719 1306 1811 reginae
1346 1717 1558 1790 eidem
1599 1719 1949 1789 reddiderit
1987 1718 2305 1803 ecclesiae,
2347 1717 2581 1810 quibus
2622 1718 2760 1812 ipse
2808 1733 3062 1791 sanctus

814 1831 1334 1904 amminiculatus
1376 1835 1560 1904 locus
1601 1831 1802 1903 libere
1841 1847 2032 1923 atque
2074 1830 2599 1903 inexcusabiliter
2636 1831 2868 1904 divinae
2904 1855 3066 1904 nunc

816 1951 1156 2043 famulatur
1217 1947 1546 2039 potentiae.
1619 1948 1969 2017 Postulavit
2040 1944 2251 2037 itaque
2308 1945 2496 2017 nobis
2559 1960 2624 2016 ut
2683 1950 2762 2017 de
2825 1948 3062 2019 eisdem

819 2060 1002 2133 cellis
1030 2075 1095 2133 et
1124 2065 1341 2148 rebus,
1375 2060 1509 2132 sive
1534 2083 1708 2152 ,quas
1746 2076 2141 2131 memoratus
2180 2084 2337 2131 avus
2377 2076 2624 2146 noster,
2664 2060 2798 2133 sive
2825 2062 3068 2152 genitor

820 2191 1042 2248 noster
1100 2175 1311 2247 eidem
1377 2176 1802 2247 reddiderunt
1840 2173 2160 2261 ecclesiae,
2205 2197 2457 2247 necnon
2511 2189 2575 2246 et
2628 2177 2708 2247 de
2774 2175 2876 2248 bis
2913 2199 3069 2267 quas

822 2305 973 2361 ante
1015 2289 1219 2382 ipsam
1250 2289 1678 2362 redditionem
1709 2292 1856 2382 jure
1902 2304 1966 2361 et
2004 2289 2291 2381 legaliter
2332 2303 2681 2361 memorata
2715 2293 2973 2362 tenebat
3009 2303 3070 2361 et

824 2406 1199 2497 possidebat
1274 2401 1576 2491 ecclesia,
1652 2417 1895 2476 nostrae
1965 2403 2361 2475 auctoritatis
2434 2419 2824 2497 praeceptum
2902 2403 3067 2475 circa

823 2519 1037 2611 ipsum
1066 2530 1362 2588 sanctum
1393 2525 1607 2588 locum
1634 2516 1956 2588 firmitatis
1992 2514 2189 2609 gratia
2224 2514 2361 2588 fieri
2393 2518 2916 2600 decerneremus,
2961 2538 3071 2609 per

827 2633 1003 2723 quod
1044 2631 1291 2716 firmius
1328 2647 1393 2703 et
1433 2629 1726 2703 securius
1791 2633 2131 2723 praedictas
2178 2653 2283 2702 res
2336 2631 2660 2703 modernis
2717 2630 3072 2722 futurisque

828 2751 1227 2842 temporibus
1287 2749 1427 2843 ipsa
1468 2761 1682 2821 teneat
1720 2762 1788 2821 et
1832 2746 2161 2842 possideat
2196 2761 2386 2839 atque
2433 2749 2734 2821 defendat
2770 2747 3064 2821 ecclesia.

828 2865 1023 2955 Cujus
1064 2863 1352 2956 petitioni
1394 2865 1476 2935 ob
1520 2885 1806 2935 amorem
1839 2865 1958 2935 Dei
2014 2876 2081 2934 et
2134 2862 2556 2935 reverentiam
2612 2862 2816 2956 ipsius
2867 2865 3072 2935 sancti

825 2977 951 3049 loci
988 2978 1262 3050 libenter
1300 2978 1672 3068 annuimuS,
1713 2993 1778 3051 et
1808 2983 1934 3050 hoc
1976 2993 2366 3071 praeceptum
2405 2978 2801 3052 auctoritatis
2836 2994 3073 3052 nostrae

827 3089 995 3163 circa
1037 3091 1246 3184 ipsum
1290 3107 1585 3165 sanctum
1619 3096 1833 3165 locum
1875 3095 2008 3165 fieri
2050 3093 2450 3178 censuimuS,
2511 3117 2625 3187 per
2676 3096 2845 3186 quod
2887 3097 3075 3185 jube·

825 3229 971 3277 mus
1002 3228 1112 3278 eas
1140 3210 1337 3279 cellas
1376 3223 1439 3279 et
1479 3231 1584 3280 res
1621 3222 1686 3280 et
1727 3210 2068 3301 mancipia,
2115 3232 2261 3282 cum
2312 3208 2615 3281 omnibus
2654 3212 2730 3281 ad
2771 3232 2842 3282 se
2882 3208 3075 3302 perti-

828 3320 1133 3392 nentibus
1193 3324 1289 3393 vel
1329 3321 1823 3414 aspicientibuS,
1866 3347 2013 3414 quae
2073 3326 2384 3396 moderno
2444 3337 2733 3417 tempore
2790 3328 2967 3415 juste
3010 3337 3077 3396 et

830 3434 1116 3526 legaliter
1154 3435 1290 3527 ipsa
1321 3450 1497 3508 tenet
1532 3438 1829 3521 ecclesia,
1882 3437 2016 3510 sive
2070 3461 2180 3510 eas
2219 3462 2377 3528 quas
2418 3438 2588 3511 idem
2650 3462 2806 3510 avus
2856 3454 3075 3511 noster

829 3564 893 3620 et
933 3549 1183 3641 genitor
1223 3565 1441 3622 noster
1482 3551 1691 3623 eidem
1762 3552 2179 3624 reddiderunt
2217 3552 2536 3639 ecclesiae,
2578 3576 2831 3626 necnon
2882 3568 2947 3625 et
3001 3576 3074 3625 ea

832 3686 975 3754 quae
1004 3678 1190 3735 antea
1228 3663 1291 3734 in
1327 3667 1469 3757 Jure
1501 3665 1701 3757 ipsius
1733 3666 2044 3760 episcopii
2092 3668 2560 3752 consistebant,
2588 3667 2854 3740 firmiter
2885 3683 3074 3760 atque
3116 3695 3126 3708 ·

830 3777 1286 3849 inviolabiliter
1321 3801 1434 3872 per
1471 3783 1637 3853 hanc
1669 3796 1956 3853 nostram
1985 3783 2426 3855 auctoritatem
2466 3785 2604 3875 ipsa
2643 3795 2857 3856 teneat
2881 3794 3074 3875 atque

831 3892 1134 3964 defendat
1187 3894 1485 3964 ecclesia.
1539 3897 1646 3966 Hae
1697 3909 1851 3966 sunt
1908 3910 2122 3967 autem
2169 3900 2347 3969 cellae
2408 3910 2474 3968 et
2531 3920 2635 3969 res
2685 3921 2846 3990 quas
2902 3897 3071 3970 idem

831 4028 989 4076 avus
1030 4020 1275 4089 noster,
1298 4020 1362 4078 et
1394 4007 1645 4098 genitor
1674 4023 1896 4081 noster
1923 4025 2168 4102 postea,
2198 4010 2407 4083 eidem
2434 4011 2713 4089 reddidit
2731 4012 3025 4085 ecclesiae
3053 4035 3069 4083 ε

833 4123 1061 4192 cellam
1122 4120 1327 4192 sancti
1376 4122 1650 4211 Evurcii,
1694 4124 1900 4196 sancti
1931 4126 2118 4211 Aviti,
2171 4126 2374 4198 sancti
2415 4127 2754 4216 Maximini,
2799 4168 2881 4183 —
2921 4127 3072 4200 item

834 4236 1296 4307 monasterium
1337 4236 1540 4309 sancti
1582 4237 1896 4310 Maximini
1931 4262 2060 4312 non
2101 4243 2321 4333 procul
2361 4244 2440 4313 ab
2480 4244 2707 4315 eadem
2727 4246 2885 4316 urbe
2923 4267 3074 4317 con·

836 4348 1101 4435 sistens,
1144 4349 1252 4421 ubi
1291 4373 1325 4421 a
1369 4351 1680 4424 militibus
1710 4353 1945 4425 Christi
1984 4359 2176 4427 modo
2215 4358 2334 4427 sub
2374 4373 2598 4428 sancto
2659 4372 2724 4429 et
2777 4358 3073 4450 religioso

837 4463 1062 4536 vivitur
1130 4466 1381 4550 ordine,
1410 4509 1495 4524 --
1537 4469 1740 4539 sancti
1780 4473 2038 4554 Privati,
2107 4471 2313 4542 sancti
2373 4471 2544 4543 Petri
2603 4472 3071 4561 Tauriacensis,

837 4581 1043 4651 sancti
1091 4580 1438 4665 Saturnini,
1483 4597 1724 4654 sanctae
1764 4583 1970 4655 Mariae
2007 4586 2483 4670 DraviacensiS,
2509 4587 2714 4658 sancti
2756 4587 3073 4680 Liphardi,

840 4709 1079 4766 sanctae
1112 4694 1333 4767 Crucis
1374 4696 1874 4788 GargogilensiS,
1919 4700 2121 4771 sancti
2165 4700 2502 4786 lobannis,
2546 4705 2750 4773 sancti
2779 4702 3069 4792 Marcelli,
