<?xml version="1.0" encoding="UTF-8"?>
<!DOCTYPE html PUBLIC "-//W3C//DTD XHTML 1.0 Transitional//EN"
    "http://www.w3.org/TR/xhtml1/DTD/xhtml1-transitional.dtd">
<html xmlns="http://www.w3.org/1999/xhtml" xml:lang="en" lang="en">
 <head>
  <title>
</title>
<meta http-equiv="Content-Type" content="text/html;charset=utf-8" />
  <meta name='ocr-system' content='tesseract 3.04.00' />
  <meta name='ocr-capabilities' content='ocr_page ocr_carea ocr_par ocr_line ocrx_word'/>
</head>
<body>
  <div class='ocr_page' id='page_1' title='image "./cartulairedesai00thilgoog_0721.png"; bbox 0 0 3485 5571; ppageno 0'>
   <div class='ocr_carea' id='block_1_1' title="bbox 1408 680 1767 746">
    <p class='ocr_par' dir='ltr' id='par_1_1' title="bbox 1408 680 1767 746">
     <span class='ocr_line' id='line_1_1' title="bbox 1408 680 1767 746; baseline -0.003 -1"><span class='ocrx_word' id='word_1_1' title='bbox 1408 680 1767 746; x_wconf 76' lang='lat'>-539—</span> 
     </span>
    </p>
   </div>
   <div class='ocr_carea' id='block_1_2' title="bbox 461 807 2714 2269">
    <p class='ocr_par' dir='ltr' id='par_1_2' title="bbox 462 807 2712 1015">
     <span class='ocr_line' id='line_1_2' title="bbox 462 807 2712 883; baseline -0.001 -3"><span class='ocrx_word' id='word_1_2' title='bbox 462 814 619 883; x_wconf 92' lang='lat' dir='ltr'><strong>Item</strong></span> <span class='ocrx_word' id='word_1_3' title='bbox 685 807 1207 881; x_wconf 89' lang='lat' dir='ltr'><strong>intronizationes</strong></span> <span class='ocrx_word' id='word_1_4' title='bbox 1266 830 1576 879; x_wconf 85' lang='lat' dir='ltr'><strong>novorum</strong></span> <span class='ocrx_word' id='word_1_5' title='bbox 1641 818 2006 878; x_wconf 90' lang='lat' dir='ltr'><strong>curatorum</strong></span> <span class='ocrx_word' id='word_1_6' title='bbox 2066 818 2218 876; x_wconf 89' lang='lat' dir='ltr'><strong>sunt</strong></span> <span class='ocrx_word' id='word_1_7' title='bbox 2278 808 2358 877; x_wconf 94' lang='lat' dir='ltr'><strong>de</strong></span> <span class='ocrx_word' id='word_1_8' title='bbox 2410 808 2712 878; x_wconf 88' lang='lat' dir='ltr'><strong>mandato</strong></span> 
     </span>
     <span class='ocr_line' id='line_1_3' title="bbox 552 918 2220 1015; baseline -0.003 -21"><span class='ocrx_word' id='word_1_9' title='bbox 552 924 758 1015; x_wconf 91' lang='lat' dir='ltr'><strong>ipsius</strong></span> <span class='ocrx_word' id='word_1_10' title='bbox 799 924 1025 996; x_wconf 88' lang='lat' dir='ltr'><strong>decani</strong></span> <span class='ocrx_word' id='word_1_11' title='bbox 1065 945 1180 1014; x_wconf 88' lang='lat' dir='ltr'><strong>per</strong></span> <span class='ocrx_word' id='word_1_12' title='bbox 1205 920 1816 1012; x_wconf 76' lang='lat' dir='ltr'>archipresbiterum</span> <span class='ocrx_word' id='word_1_13' title='bbox 1851 918 2142 990; x_wconf 77' lang='lat' dir='ltr'><strong>faciende</strong></span> <span class='ocrx_word' id='word_1_14' title='bbox 2171 920 2220 989; x_wconf 90' lang='lat'><strong>¹.</strong></span> 
     </span>
    </p>

    <p class='ocr_par' dir='ltr' id='par_1_3' title="bbox 461 1032 2713 1241">
     <span class='ocr_line' id='line_1_4' title="bbox 461 1032 2713 1125; baseline -0.001 -18"><span class='ocrx_word' id='word_1_15' title='bbox 461 1042 618 1109; x_wconf 93' lang='lat' dir='ltr'><strong>Item</strong></span> <span class='ocrx_word' id='word_1_16' title='bbox 660 1041 848 1108; x_wconf 89' lang='lat' dir='ltr'><strong>habet</strong></span> <span class='ocrx_word' id='word_1_17' title='bbox 887 1039 1102 1108; x_wconf 89' lang='lat' dir='ltr'><strong>dictus</strong></span> <span class='ocrx_word' id='word_1_18' title='bbox 1141 1039 1429 1107; x_wconf 90' lang='lat' dir='ltr'><strong>decanus</strong></span> <span class='ocrx_word' id='word_1_19' title='bbox 1467 1036 1629 1104; x_wconf 87' lang='lat' dir='ltr'><strong>duas</strong></span> <span class='ocrx_word' id='word_1_20' title='bbox 1672 1036 2034 1125; x_wconf 87' lang='lat' dir='ltr'><strong>prebendas</strong></span> <span class='ocrx_word' id='word_1_21' title='bbox 2087 1033 2368 1125; x_wconf 84' lang='lat' dir='ltr'><strong>integras</strong></span> <span class='ocrx_word' id='word_1_22' title='bbox 2398 1056 2544 1104; x_wconf 89' lang='lat' dir='ltr'><strong>curn</strong></span> <span class='ocrx_word' id='word_1_23' title='bbox 2585 1032 2713 1104; x_wconf 82' lang='lat' dir='ltr'><strong>dis-</strong></span> 
     </span>
     <span class='ocr_line' id='line_1_5' title="bbox 550 1149 1458 1241; baseline 0.003 -21"><span class='ocrx_word' id='word_1_24' title='bbox 550 1149 1021 1221; x_wconf 87' lang='lat' dir='ltr'><strong>tribucionibus</strong></span> <span class='ocrx_word' id='word_1_25' title='bbox 1062 1149 1458 1241; x_wconf 75' lang='lat' dir='ltr'><strong>duplicibuS.</strong></span> 
     </span>
    </p>

    <p class='ocr_par' dir='ltr' id='par_1_4' title="bbox 463 1256 2714 1565">
     <span class='ocr_line' id='line_1_6' title="bbox 463 1256 2714 1354; baseline -0.002 -20"><span class='ocrx_word' id='word_1_26' title='bbox 463 1268 618 1335; x_wconf 91' lang='lat' dir='ltr'><strong>Item</strong></span> <span class='ocrx_word' id='word_1_27' title='bbox 661 1263 1007 1354; x_wconf 89' lang='lat' dir='ltr'><strong>capitulum</strong></span> <span class='ocrx_word' id='word_1_28' title='bbox 1044 1256 1321 1336; x_wconf 88' lang='lat' dir='ltr'><strong>ecclesie</strong></span> <span class='ocrx_word' id='word_1_29' title='bbox 1362 1269 1552 1335; x_wconf 80' lang='lat' dir='ltr'>Beate</span> <span class='ocrx_word' id='word_1_30' title='bbox 1591 1265 1779 1335; x_wconf 82' lang='lat' dir='ltr'><strong>Marie</strong></span> <span class='ocrx_word' id='word_1_31' title='bbox 1808 1264 1887 1334; x_wconf 96' lang='lat' dir='ltr'><strong>de</strong></span> <span class='ocrx_word' id='word_1_32' title='bbox 1916 1265 2204 1334; x_wconf 85' lang='lat' dir='ltr'><strong>Cleriaco</strong></span> <span class='ocrx_word' id='word_1_33' title='bbox 2244 1263 2434 1332; x_wconf 90' lang='lat' dir='ltr'><strong>debet</strong></span> <span class='ocrx_word' id='word_1_34' title='bbox 2473 1283 2714 1331; x_wconf 85' lang='lat' dir='ltr'><strong>annua·</strong></span> 
     </span>
     <span class='ocr_line' id='line_1_7' title="bbox 550 1376 2712 1451; baseline -0 -3"><span class='ocrx_word' id='word_1_35' title='bbox 550 1378 664 1448; x_wconf 89' lang='lat' dir='ltr'><strong>tim</strong></span> <span class='ocrx_word' id='word_1_36' title='bbox 705 1377 876 1449; x_wconf 92' lang='lat' dir='ltr'><strong>dicto</strong></span> <span class='ocrx_word' id='word_1_37' title='bbox 909 1382 1152 1451; x_wconf 88' lang='lat' dir='ltr'><strong>decano</strong></span> <span class='ocrx_word' id='word_1_38' title='bbox 1213 1383 1308 1450; x_wconf 90' lang='lat' dir='ltr'><strong>LX</strong></span> <span class='ocrx_word' id='word_1_39' title='bbox 1341 1403 1397 1451; x_wconf 77' lang='lat' dir='ltr'><strong>s,</strong></span> <span class='ocrx_word' id='word_1_40' title='bbox 1455 1378 1518 1449; x_wconf 94' lang='lat' dir='ltr'><strong>in</strong></span> <span class='ocrx_word' id='word_1_41' title='bbox 1556 1378 1800 1451; x_wconf 88' lang='lat' dir='ltr'><strong>octabis</strong></span> <span class='ocrx_word' id='word_1_42' title='bbox 1852 1377 2000 1448; x_wconf 83' lang='lat' dir='ltr'><strong>sesti</strong></span> <span class='ocrx_word' id='word_1_43' title='bbox 2039 1376 2554 1448; x_wconf 87' lang='lat' dir='ltr'><strong>Resurrectionis</strong></span> <span class='ocrx_word' id='word_1_44' title='bbox 2582 1380 2712 1447; x_wconf 89' lang='lat' dir='ltr'><strong>Do-</strong></span> 
     </span>
     <span class='ocr_line' id='line_1_8' title="bbox 552 1491 810 1565; baseline 0.012 -3"><span class='ocrx_word' id='word_1_45' title='bbox 552 1491 810 1565; x_wconf 85' lang='lat' dir='ltr'><strong>minice.</strong></span> 
     </span>
    </p>

    <p class='ocr_par' dir='ltr' id='par_1_5' title="bbox 461 1604 2714 2040">
     <span class='ocr_line' id='line_1_9' title="bbox 461 1604 2714 1698; baseline -0.001 -23"><span class='ocrx_word' id='word_1_46' title='bbox 461 1610 619 1678; x_wconf 90' lang='lat' dir='ltr'><strong>Item</strong></span> <span class='ocrx_word' id='word_1_47' title='bbox 651 1618 908 1678; x_wconf 90' lang='lat' dir='ltr'><strong>curatus</strong></span> <span class='ocrx_word' id='word_1_48' title='bbox 949 1605 1163 1677; x_wconf 90' lang='lat' dir='ltr'><strong>Sancti</strong></span> <span class='ocrx_word' id='word_1_49' title='bbox 1206 1607 1510 1698; x_wconf 75' lang='lat' dir='ltr'><strong>Stephani</strong></span> <span class='ocrx_word' id='word_1_50' title='bbox 1552 1604 2030 1678; x_wconf 83' lang='lat' dir='ltr'><strong>Aurelianensis</strong></span> <span class='ocrx_word' id='word_1_51' title='bbox 2071 1628 2186 1697; x_wconf 90' lang='lat' dir='ltr'><strong>pro</strong></span> <span class='ocrx_word' id='word_1_52' title='bbox 2212 1606 2429 1696; x_wconf 88' lang='lat' dir='ltr'><strong>placea</strong></span> <span class='ocrx_word' id='word_1_53' title='bbox 2458 1606 2606 1697; x_wconf 73' lang='lat' dir='ltr'><strong>(sic)</strong></span> <span class='ocrx_word' id='word_1_54' title='bbox 2649 1617 2714 1674; x_wconf 91' lang='lat' dir='ltr'><strong>et</strong></span> 
     </span>
     <span class='ocr_line' id='line_1_10' title="bbox 551 1720 2029 1813; baseline -0.002 -21"><span class='ocrx_word' id='word_1_55' title='bbox 551 1720 822 1792; x_wconf 84' lang='lat' dir='ltr'><strong>edificiis</strong></span> <span class='ocrx_word' id='word_1_56' title='bbox 860 1744 986 1813; x_wconf 89' lang='lat' dir='ltr'><strong>que</strong></span> <span class='ocrx_word' id='word_1_57' title='bbox 1018 1734 1169 1792; x_wconf 89' lang='lat' dir='ltr'><strong>sunt</strong></span> <span class='ocrx_word' id='word_1_58' title='bbox 1211 1722 1476 1793; x_wconf 91' lang='lat' dir='ltr'><strong>introitu</strong></span> <span class='ocrx_word' id='word_1_59' title='bbox 1534 1720 1811 1793; x_wconf 80' lang='lat' dir='ltr'><strong>ecclesie</strong></span> <span class='ocrx_word' id='word_1_60' title='bbox 1853 1724 1932 1790; x_wconf 94' lang='lat' dir='ltr'><strong>III</strong></span> <span class='ocrx_word' id='word_1_61' title='bbox 1974 1742 2029 1790; x_wconf 90' lang='lat' dir='ltr'><strong>s.</strong></span> 
     </span>
     <span class='ocr_line' id='line_1_11' title="bbox 551 1833 2168 1907; baseline 0 -3"><span class='ocrx_word' id='word_1_62' title='bbox 551 1834 846 1907; x_wconf 87' lang='lat' dir='ltr'><strong>videlicet</strong></span> <span class='ocrx_word' id='word_1_63' title='bbox 892 1836 955 1905; x_wconf 93' lang='lat' dir='ltr'><strong>in</strong></span> <span class='ocrx_word' id='word_1_64' title='bbox 997 1838 1162 1906; x_wconf 78' lang='lat' dir='ltr'><strong>sesto</strong></span> <span class='ocrx_word' id='word_1_65' title='bbox 1201 1833 1555 1906; x_wconf 87' lang='lat' dir='ltr'><strong>Nativitatis</strong></span> <span class='ocrx_word' id='word_1_66' title='bbox 1595 1834 1852 1906; x_wconf 91' lang='lat' dir='ltr'><strong>Domini</strong></span> <span class='ocrx_word' id='word_1_67' title='bbox 1878 1835 2062 1905; x_wconf 86' lang='lat' dir='ltr'>XVIII</span> <span class='ocrx_word' id='word_1_68' title='bbox 2102 1836 2168 1905; x_wconf 91' lang='lat' dir='ltr'><strong>d.</strong></span> 
     </span>
     <span class='ocr_line' id='line_1_12' title="bbox 553 1947 2708 2040; baseline -0.001 -21"><span class='ocrx_word' id='word_1_69' title='bbox 553 1951 704 2020; x_wconf 91' lang='lat' dir='ltr'><strong>item</strong></span> <span class='ocrx_word' id='word_1_70' title='bbox 745 1948 809 2019; x_wconf 94' lang='lat' dir='ltr'><strong>in</strong></span> <span class='ocrx_word' id='word_1_71' title='bbox 843 1949 1187 2022; x_wconf 74' lang='lat' dir='ltr'><strong>testivitate</strong></span> <span class='ocrx_word' id='word_1_72' title='bbox 1208 1948 1558 2021; x_wconf 89' lang='lat' dir='ltr'><strong>Nativitatis</strong></span> <span class='ocrx_word' id='word_1_73' title='bbox 1583 1948 1749 2021; x_wconf 89' lang='lat' dir='ltr'><strong>beati</strong></span> <span class='ocrx_word' id='word_1_74' title='bbox 1773 1948 2083 2020; x_wconf 76' lang='lat' dir='ltr'><strong>Iohannis</strong></span> <span class='ocrx_word' id='word_1_75' title='bbox 2118 1947 2400 2040; x_wconf 88' lang='lat' dir='ltr'><strong>Baptiste</strong></span> <span class='ocrx_word' id='word_1_76' title='bbox 2428 1951 2612 2020; x_wconf 91' lang='lat' dir='ltr'>XVIII</span> <span class='ocrx_word' id='word_1_77' title='bbox 2645 1950 2708 2017; x_wconf 90' lang='lat' dir='ltr'><strong>d.</strong></span> 
     </span>
    </p>

    <p class='ocr_par' dir='ltr' id='par_1_6' title="bbox 463 2062 2712 2269">
     <span class='ocr_line' id='line_1_13' title="bbox 463 2062 2712 2136; baseline -0.001 -3"><span class='ocrx_word' id='word_1_78' title='bbox 463 2067 618 2134; x_wconf 91' lang='lat' dir='ltr'><strong>Item</strong></span> <span class='ocrx_word' id='word_1_79' title='bbox 658 2066 850 2134; x_wconf 87' lang='lat' dir='ltr'><strong>habet</strong></span> <span class='ocrx_word' id='word_1_80' title='bbox 882 2065 1093 2134; x_wconf 90' lang='lat' dir='ltr'><strong>dictus</strong></span> <span class='ocrx_word' id='word_1_81' title='bbox 1133 2067 1417 2136; x_wconf 88' lang='lat' dir='ltr'><strong>decanus</strong></span> <span class='ocrx_word' id='word_1_82' title='bbox 1443 2068 1952 2135; x_wconf 84' lang='lat' dir='ltr'><strong>emolumentum</strong></span> <span class='ocrx_word' id='word_1_83' title='bbox 1984 2062 2271 2135; x_wconf 94' lang='lat' dir='ltr'><strong>omnium</strong></span> <span class='ocrx_word' id='word_1_84' title='bbox 2299 2062 2712 2134; x_wconf 91' lang='lat' dir='ltr'><strong>roncinorum</strong></span> 
     </span>
     <span class='ocr_line' id='line_1_14' title="bbox 551 2176 2571 2269; baseline 0 -22"><span class='ocrx_word' id='word_1_85' title='bbox 551 2176 808 2249; x_wconf 85' lang='lat' dir='ltr'><strong>racione</strong></span> <span class='ocrx_word' id='word_1_86' title='bbox 838 2177 1114 2262; x_wconf 87' lang='lat' dir='ltr'><strong>servicii,</strong></span> <span class='ocrx_word' id='word_1_87' title='bbox 1159 2178 1459 2250; x_wconf 86' lang='lat' dir='ltr'><strong>videlicet</strong></span> <span class='ocrx_word' id='word_1_88' title='bbox 1484 2200 1599 2269; x_wconf 90' lang='lat' dir='ltr'><strong>pro</strong></span> <span class='ocrx_word' id='word_1_89' title='bbox 1629 2177 1917 2269; x_wconf 89' lang='lat' dir='ltr'><strong>quolibet</strong></span> <span class='ocrx_word' id='word_1_90' title='bbox 1954 2178 2224 2249; x_wconf 92' lang='lat' dir='ltr'><strong>roncino</strong></span> <span class='ocrx_word' id='word_1_91' title='bbox 2251 2179 2309 2248; x_wconf 85' lang='lat' dir='ltr'><strong>lx</strong></span> <span class='ocrx_word' id='word_1_92' title='bbox 2335 2200 2391 2248; x_wconf 89' lang='lat' dir='ltr'><strong>s.</strong></span> <span class='ocrx_word' id='word_1_93' title='bbox 2436 2200 2571 2268; x_wconf 90' lang='lat' dir='ltr'><strong>par.</strong></span> 
     </span>
    </p>
   </div>
   <div class='ocr_carea' id='block_1_3' title="bbox 554 2367 2094 2458">
    <p class='ocr_par' dir='ltr' id='par_1_7' title="bbox 554 2367 2094 2458">
     <span class='ocr_line' id='line_1_15' title="bbox 554 2367 2094 2458; baseline -0.001 -21"><span class='ocrx_word' id='word_1_94' title='bbox 554 2369 680 2437; x_wconf 90' lang='lat' dir='ltr'><strong>Hec</strong></span> <span class='ocrx_word' id='word_1_95' title='bbox 720 2381 873 2437; x_wconf 85' lang='lat' dir='ltr'><strong>sunt</strong></span> <span class='ocrx_word' id='word_1_96' title='bbox 911 2389 1036 2458; x_wconf 93' lang='lat' dir='ltr'><strong>que</strong></span> <span class='ocrx_word' id='word_1_97' title='bbox 1076 2368 1331 2439; x_wconf 84' lang='lat' dir='ltr'><strong>racione</strong></span> <span class='ocrx_word' id='word_1_98' title='bbox 1372 2369 1723 2437; x_wconf 90' lang='lat' dir='ltr'><strong>decanatus</strong></span> <span class='ocrx_word' id='word_1_99' title='bbox 1755 2367 2094 2437; x_wconf 89' lang='lat' dir='ltr'><strong>debentur.</strong></span> 
     </span>
    </p>
   </div>
   <div class='ocr_carea' id='block_1_4' title="bbox 461 2550 2712 3447">
    <p class='ocr_par' dir='ltr' id='par_1_8' title="bbox 466 2550 2712 2760">
     <span class='ocr_line' id='line_1_16' title="bbox 466 2550 2712 2644; baseline -0.001 -21"><span class='ocrx_word' id='word_1_100' title='bbox 466 2552 704 2641; x_wconf 87' lang='lat' dir='ltr'><strong>Primo,</strong></span> <span class='ocrx_word' id='word_1_101' title='bbox 733 2553 1045 2644; x_wconf 83' lang='lat' dir='ltr'><strong>quociens</strong></span> <span class='ocrx_word' id='word_1_102' title='bbox 1073 2567 1354 2625; x_wconf 90' lang='lat' dir='ltr'><strong>mutatur</strong></span> <span class='ocrx_word' id='word_1_103' title='bbox 1383 2557 1690 2638; x_wconf 89' lang='lat' dir='ltr'><strong>decanus,</strong></span> <span class='ocrx_word' id='word_1_104' title='bbox 1737 2556 1928 2625; x_wconf 92' lang='lat' dir='ltr'><strong>debet</strong></span> <span class='ocrx_word' id='word_1_105' title='bbox 1953 2555 2238 2623; x_wconf 88' lang='lat' dir='ltr'><strong>decanus</strong></span> <span class='ocrx_word' id='word_1_106' title='bbox 2273 2574 2478 2623; x_wconf 86' lang='lat' dir='ltr'><strong>novus</strong></span> <span class='ocrx_word' id='word_1_107' title='bbox 2509 2550 2712 2643; x_wconf 82' lang='lat' dir='ltr'><strong>priori</strong></span> 
     </span>
     <span class='ocr_line' id='line_1_17' title="bbox 553 2665 2708 2760; baseline 0 -23"><span class='ocrx_word' id='word_1_108' title='bbox 553 2667 769 2738; x_wconf 80' lang='lat' dir='ltr'><strong>Sancti</strong></span> <span class='ocrx_word' id='word_1_109' title='bbox 811 2668 1090 2740; x_wconf 89' lang='lat' dir='ltr'><strong>Gervasii</strong></span> <span class='ocrx_word' id='word_1_110' title='bbox 1134 2692 1245 2760; x_wconf 86' lang='lat' dir='ltr'><strong>pro</strong></span> <span class='ocrx_word' id='word_1_111' title='bbox 1287 2667 1796 2740; x_wconf 88' lang='lat' dir='ltr'><strong>relevacionibus</strong></span> <span class='ocrx_word' id='word_1_112' title='bbox 1830 2690 2069 2739; x_wconf 89' lang='lat' dir='ltr'><strong>census</strong></span> <span class='ocrx_word' id='word_1_113' title='bbox 2106 2668 2185 2737; x_wconf 93' lang='lat' dir='ltr'><strong>de</strong></span> <span class='ocrx_word' id='word_1_114' title='bbox 2227 2665 2513 2737; x_wconf 85' lang='lat' dir='ltr'><strong>Floriaco</strong></span> <span class='ocrx_word' id='word_1_115' title='bbox 2552 2668 2607 2735; x_wconf 83' lang='lat' dir='ltr'><strong>xl</strong></span> <span class='ocrx_word' id='word_1_116' title='bbox 2650 2688 2708 2737; x_wconf 78' lang='lat' dir='ltr'><strong>s,</strong></span> 
     </span>
    </p>

    <p class='ocr_par' dir='ltr' id='par_1_9' title="bbox 464 2780 2708 2969">
     <span class='ocr_line' id='line_1_18' title="bbox 464 2780 2708 2876; baseline -0 -24"><span class='ocrx_word' id='word_1_117' title='bbox 464 2783 621 2854; x_wconf 88' lang='lat' dir='ltr'><strong>Item</strong></span> <span class='ocrx_word' id='word_1_118' title='bbox 661 2782 1209 2862; x_wconf 87' lang='lat' dir='ltr'><strong>annuatimdebet</strong></span> <span class='ocrx_word' id='word_1_119' title='bbox 1245 2782 1418 2855; x_wconf 91' lang='lat' dir='ltr'><strong>dicto</strong></span> <span class='ocrx_word' id='word_1_120' title='bbox 1458 2782 1649 2876; x_wconf 86' lang='lat' dir='ltr'><strong>priori</strong></span> <span class='ocrx_word' id='word_1_121' title='bbox 1691 2783 1756 2852; x_wconf 92' lang='lat' dir='ltr'><strong>in</strong></span> <span class='ocrx_word' id='word_1_122' title='bbox 1803 2784 1969 2854; x_wconf 82' lang='lat' dir='ltr'><strong>sesto</strong></span> <span class='ocrx_word' id='word_1_123' title='bbox 2009 2780 2214 2853; x_wconf 89' lang='lat' dir='ltr'><strong>sancti</strong></span> <span class='ocrx_word' id='word_1_124' title='bbox 2242 2782 2489 2853; x_wconf 84' lang='lat' dir='ltr'><strong>Andree</strong></span> <span class='ocrx_word' id='word_1_125' title='bbox 2535 2784 2612 2851; x_wconf 92' lang='lat' dir='ltr'><strong>XI</strong></span> <span class='ocrx_word' id='word_1_126' title='bbox 2652 2802 2708 2851; x_wconf 90' lang='lat' dir='ltr'><strong>s.</strong></span> 
     </span>
     <span class='ocr_line' id='line_1_19' title="bbox 552 2901 1014 2969; baseline 0 -2"><span class='ocrx_word' id='word_1_127' title='bbox 552 2911 614 2967; x_wconf 89' lang='lat' dir='ltr'><strong>et</strong></span> <span class='ocrx_word' id='word_1_128' title='bbox 649 2901 729 2967; x_wconf 94' lang='lat' dir='ltr'><strong>III</strong></span> <span class='ocrx_word' id='word_1_129' title='bbox 765 2901 1014 2969; x_wconf 89' lang='lat' dir='ltr'><strong>obolos.</strong></span> 
     </span>
    </p>

    <p class='ocr_par' dir='ltr' id='par_1_10' title="bbox 461 3012 2152 3103">
     <span class='ocr_line' id='line_1_20' title="bbox 461 3012 2152 3103; baseline 0.001 -22"><span class='ocrx_word' id='word_1_130' title='bbox 461 3014 619 3082; x_wconf 88' lang='lat' dir='ltr'><strong>Item</strong></span> <span class='ocrx_word' id='word_1_131' title='bbox 652 3025 718 3082; x_wconf 92' lang='lat' dir='ltr'><strong>et</strong></span> <span class='ocrx_word' id='word_1_132' title='bbox 750 3014 806 3083; x_wconf 90' lang='lat' dir='ltr'><strong>si</strong></span> <span class='ocrx_word' id='word_1_133' title='bbox 845 3035 974 3082; x_wconf 93' lang='lat' dir='ltr'><strong>non</strong></span> <span class='ocrx_word' id='word_1_134' title='bbox 1015 3014 1242 3096; x_wconf 85' lang='lat' dir='ltr'><strong>solvat,</strong></span> <span class='ocrx_word' id='word_1_135' title='bbox 1288 3014 1475 3084; x_wconf 89' lang='lat' dir='ltr'><strong>debet</strong></span> <span class='ocrx_word' id='word_1_136' title='bbox 1517 3016 1569 3084; x_wconf 96' lang='lat' dir='ltr'>V</span> <span class='ocrx_word' id='word_1_137' title='bbox 1605 3036 1659 3083; x_wconf 91' lang='lat' dir='ltr'><strong>s.</strong></span> <span class='ocrx_word' id='word_1_138' title='bbox 1705 3035 1820 3103; x_wconf 90' lang='lat' dir='ltr'><strong>pro</strong></span> <span class='ocrx_word' id='word_1_139' title='bbox 1852 3012 2152 3082; x_wconf 90' lang='lat' dir='ltr'><strong>emenda.</strong></span> 
     </span>
    </p>

    <p class='ocr_par' dir='ltr' id='par_1_11' title="bbox 461 3124 2711 3332">
     <span class='ocr_line' id='line_1_21' title="bbox 461 3124 2711 3219; baseline 0 -22"><span class='ocrx_word' id='word_1_140' title='bbox 461 3131 620 3199; x_wconf 92' lang='lat' dir='ltr'><strong>Item</strong></span> <span class='ocrx_word' id='word_1_141' title='bbox 663 3126 972 3219; x_wconf 87' lang='lat' dir='ltr'><strong>episcopo</strong></span> <span class='ocrx_word' id='word_1_142' title='bbox 1032 3126 1470 3200; x_wconf 82' lang='lat' dir='ltr'><strong>Aurelianensi</strong></span> <span class='ocrx_word' id='word_1_143' title='bbox 1524 3151 1636 3219; x_wconf 92' lang='lat' dir='ltr'><strong>pro</strong></span> <span class='ocrx_word' id='word_1_144' title='bbox 1697 3127 1891 3218; x_wconf 90' lang='lat' dir='ltr'><strong>pratis</strong></span> <span class='ocrx_word' id='word_1_145' title='bbox 1942 3129 2022 3199; x_wconf 93' lang='lat' dir='ltr'><strong>de</strong></span> <span class='ocrx_word' id='word_1_146' title='bbox 2064 3126 2342 3208; x_wconf 70' lang='lat' dir='ltr'><strong>marolio,</strong></span> <span class='ocrx_word' id='word_1_147' title='bbox 2387 3124 2711 3197; x_wconf 89' lang='lat' dir='ltr'><strong>dominica</strong></span> 
     </span>
     <span class='ocr_line' id='line_1_22' title="bbox 552 3242 2029 3332; baseline 0 -20"><span class='ocrx_word' id='word_1_148' title='bbox 552 3255 697 3332; x_wconf 90' lang='lat' dir='ltr'><strong>post</strong></span> <span class='ocrx_word' id='word_1_149' title='bbox 736 3242 1184 3313; x_wconf 89' lang='lat' dir='ltr'><strong>Invencionem</strong></span> <span class='ocrx_word' id='word_1_150' title='bbox 1216 3256 1438 3313; x_wconf 88' lang='lat' dir='ltr'><strong>sancte</strong></span> <span class='ocrx_word' id='word_1_151' title='bbox 1472 3242 1720 3324; x_wconf 91' lang='lat' dir='ltr'><strong>Crucis,</strong></span> <span class='ocrx_word' id='word_1_152' title='bbox 1763 3245 1924 3312; x_wconf 94' lang='lat' dir='ltr'>XIIII</span> <span class='ocrx_word' id='word_1_153' title='bbox 1966 3245 2029 3312; x_wconf 92' lang='lat' dir='ltr'><strong>d.</strong></span> 
     </span>
    </p>

    <p class='ocr_par' dir='ltr' id='par_1_12' title="bbox 469 3355 1984 3447">
     <span class='ocr_line' id='line_1_23' title="bbox 469 3355 1984 3447; baseline 0.002 -22"><span class='ocrx_word' id='word_1_154' title='bbox 469 3359 622 3426; x_wconf 89' lang='lat' dir='ltr'><strong>Item</strong></span> <span class='ocrx_word' id='word_1_155' title='bbox 663 3357 930 3447; x_wconf 79' lang='lat' dir='ltr'><strong>(lacune)</strong></span> <span class='ocrx_word' id='word_1_156' title='bbox 972 3355 1188 3428; x_wconf 83' lang='lat' dir='ltr'><strong>Sancti</strong></span> <span class='ocrx_word' id='word_1_157' title='bbox 1226 3356 1554 3429; x_wconf 89' lang='lat' dir='ltr'><strong>Vincencii</strong></span> <span class='ocrx_word' id='word_1_158' title='bbox 1596 3359 1810 3427; x_wconf 95' lang='lat' dir='ltr'>XXIIII</span> <span class='ocrx_word' id='word_1_159' title='bbox 1852 3380 1906 3426; x_wconf 86' lang='lat' dir='ltr'><strong>S.</strong></span> <span class='ocrx_word' id='word_1_160' title='bbox 1935 3356 1984 3428; x_wconf 85' lang='lat'><strong>².</strong></span> 
     </span>
    </p>
   </div>
   <div class='ocr_carea' id='block_1_5' title="bbox 465 3542 2005 3739">
    <p class='ocr_par' dir='ltr' id='par_1_13' title="bbox 465 3542 2005 3739">
     <span class='ocr_line' id='line_1_24' title="bbox 1162 3542 2005 3638; baseline -0.004 -24"><span class='ocrx_word' id='word_1_161' title='bbox 1162 3546 1276 3638; x_wconf 83' lang='lat' dir='ltr'><strong>[Ad</strong></span> <span class='ocrx_word' id='word_1_162' title='bbox 1315 3542 1724 3616; x_wconf 87' lang='lat' dir='ltr'><strong>collationem</strong></span> <span class='ocrx_word' id='word_1_163' title='bbox 1758 3542 2005 3636; x_wconf 90' lang='lat' dir='ltr'><strong>decani]</strong></span> 
     </span>
     <span class='ocr_line' id='line_1_25' title="bbox 465 3665 1437 3739; baseline 0 -3"><span class='ocrx_word' id='word_1_164' title='bbox 465 3665 677 3738; x_wconf 88' lang='lat' dir='ltr'><strong>Primo</strong></span> <span class='ocrx_word' id='word_1_165' title='bbox 709 3667 1145 3739; x_wconf 89' lang='lat' dir='ltr'><strong>massicotaria</strong></span> <span class='ocrx_word' id='word_1_166' title='bbox 1186 3668 1437 3739; x_wconf 89' lang='lat' dir='ltr'><strong>decani.</strong></span> 
     </span>
    </p>
   </div>
   <div class='ocr_carea' id='block_1_6' title="bbox 457 3978 2714 4768">
    <p class='ocr_par' dir='ltr' id='par_1_14' title="bbox 530 3978 1888 4052">
     <span class='ocr_line' id='line_1_26' title="bbox 530 3978 1888 4052; baseline 0.004 -21"><span class='ocrx_word' id='word_1_167' title='bbox 530 3983 547 4017; x_wconf 88' lang='lat'>¹</span> <span class='ocrx_word' id='word_1_168' title='bbox 585 3978 862 4033; x_wconf 78' lang='lat' dir='ltr'><strong>Addition</strong></span> <span class='ocrx_word' id='word_1_169' title='bbox 896 3997 909 4034; x_wconf 71' lang='grc' dir='ltr'><strong>ε</strong></span> <span class='ocrx_word' id='word_1_170' title='bbox 942 3984 996 4034; x_wconf 88' lang='lat' dir='ltr'><strong>et</strong></span> <span class='ocrx_word' id='word_1_171' title='bbox 1027 3979 1266 4035; x_wconf 86' lang='lat' dir='ltr'><strong>debetur</strong></span> <span class='ocrx_word' id='word_1_172' title='bbox 1304 3997 1405 4052; x_wconf 84' lang='lat' dir='ltr'><strong>pro</strong></span> <span class='ocrx_word' id='word_1_173' title='bbox 1432 3981 1685 4051; x_wconf 86' lang='lat' dir='ltr'><strong>quolibet</strong></span> <span class='ocrx_word' id='word_1_174' title='bbox 1715 3982 1814 4036; x_wconf 90' lang='lat' dir='ltr'><strong>XX</strong></span> <span class='ocrx_word' id='word_1_175' title='bbox 1842 3999 1888 4036; x_wconf 80' lang='lat' dir='ltr'><strong>s,</strong></span> 
     </span>
    </p>

    <p class='ocr_par' dir='ltr' id='par_1_15' title="bbox 457 4066 2714 4768">
     <span class='ocr_line' id='line_1_27' title="bbox 535 4066 2711 4126; baseline 0 -5"><span class='ocrx_word' id='word_1_176' title='bbox 535 4066 560 4098; x_wconf 81' lang='lat'><strong>¹</strong></span> <span class='ocrx_word' id='word_1_177' title='bbox 591 4067 725 4122; x_wconf 85' lang='lat' dir='ltr'><strong>Suit</strong></span> <span class='ocrx_word' id='word_1_178' title='bbox 750 4066 914 4124; x_wconf 80' lang='lat' dir='ltr'><strong>d&#39;une</strong></span> <span class='ocrx_word' id='word_1_179' title='bbox 937 4074 1107 4124; x_wconf 83' lang='lat' dir='ltr'><strong>autre</strong></span> <span class='ocrx_word' id='word_1_180' title='bbox 1135 4069 1302 4124; x_wconf 79' lang='lat' dir='ltr'><strong>main</strong></span> <span class='ocrx_word' id='word_1_181' title='bbox 1334 4086 1345 4124; x_wconf 73' lang='grc' dir='ltr'><strong><em>ι</em></strong></span> <span class='ocrx_word' id='word_1_182' title='bbox 1372 4070 1512 4124; x_wconf 91' lang='lat' dir='ltr'><strong>Item</strong></span> <span class='ocrx_word' id='word_1_183' title='bbox 1537 4070 1952 4126; x_wconf 84' lang='lat' dir='ltr'><strong>installaciones</strong></span> <span class='ocrx_word' id='word_1_184' title='bbox 1981 4071 2244 4126; x_wconf 85' lang='lat' dir='ltr'><strong>abbatum</strong></span> <span class='ocrx_word' id='word_1_185' title='bbox 2269 4069 2458 4125; x_wconf 88' lang='lat' dir='ltr'><strong>Sancti</strong></span> <span class='ocrx_word' id='word_1_186' title='bbox 2490 4068 2711 4122; x_wconf 83' lang='lat' dir='ltr'><strong>Evurcii</strong></span> 
     </span>
     <span class='ocr_line' id='line_1_28' title="bbox 461 4157 2711 4232; baseline -0 -20"><span class='ocrx_word' id='word_1_187' title='bbox 461 4162 519 4212; x_wconf 86' lang='lat' dir='ltr'><strong>et</strong></span> <span class='ocrx_word' id='word_1_188' title='bbox 547 4159 735 4212; x_wconf 88' lang='lat' dir='ltr'><strong>Sancti</strong></span> <span class='ocrx_word' id='word_1_189' title='bbox 772 4157 1055 4214; x_wconf 85' lang='lat' dir='ltr'><strong>Maximini</strong></span> <span class='ocrx_word' id='word_1_190' title='bbox 1084 4164 1335 4230; x_wconf 83' lang='lat' dir='ltr'><strong>spectant</strong></span> <span class='ocrx_word' id='word_1_191' title='bbox 1364 4159 1432 4213; x_wconf 89' lang='lat' dir='ltr'><strong>ad</strong></span> <span class='ocrx_word' id='word_1_192' title='bbox 1486 4160 1670 4230; x_wconf 89' lang='lat' dir='ltr'><strong>ipsum</strong></span> <span class='ocrx_word' id='word_1_193' title='bbox 1701 4161 1979 4215; x_wconf 85' lang='lat' dir='ltr'><strong>decanum</strong></span> <span class='ocrx_word' id='word_1_194' title='bbox 2011 4166 2064 4215; x_wconf 88' lang='lat' dir='ltr'><strong>et</strong></span> <span class='ocrx_word' id='word_1_195' title='bbox 2095 4176 2196 4232; x_wconf 88' lang='lat' dir='ltr'><strong>pro</strong></span> <span class='ocrx_word' id='word_1_196' title='bbox 2235 4158 2489 4231; x_wconf 85' lang='lat' dir='ltr'><strong>quolibet</strong></span> <span class='ocrx_word' id='word_1_197' title='bbox 2516 4158 2711 4212; x_wconf 82' lang='lat' dir='ltr'><strong>instal-</strong></span> 
     </span>
     <span class='ocr_line' id='line_1_29' title="bbox 460 4246 2712 4321; baseline 0 -21"><span class='ocrx_word' id='word_1_198' title='bbox 460 4246 672 4301; x_wconf 89' lang='lat' dir='ltr'><strong>lacione</strong></span> <span class='ocrx_word' id='word_1_199' title='bbox 716 4246 992 4303; x_wconf 87' lang='lat' dir='ltr'><strong>debentur</strong></span> <span class='ocrx_word' id='word_1_200' title='bbox 1051 4248 1262 4303; x_wconf 87' lang='lat' dir='ltr'><strong>decano</strong></span> <span class='ocrx_word' id='word_1_201' title='bbox 1315 4248 1507 4303; x_wconf 85' lang='lat' dir='ltr'><strong>decern</strong></span> <span class='ocrx_word' id='word_1_202' title='bbox 1555 4250 1696 4304; x_wconf 86' lang='lat' dir='ltr'><strong>libre</strong></span> <span class='ocrx_word' id='word_1_203' title='bbox 1750 4249 2087 4321; x_wconf 86' lang='lat' dir='ltr'><strong>parisienses</strong></span> <span class='ocrx_word' id='word_1_204' title='bbox 2144 4250 2259 4304; x_wconf 77' lang='lat' dir='ltr'><strong>sive</strong></span> <span class='ocrx_word' id='word_1_205' title='bbox 2311 4264 2423 4303; x_wconf 85' lang='lat' dir='ltr'><strong>una</strong></span> <span class='ocrx_word' id='word_1_206' title='bbox 2473 4264 2712 4318; x_wconf 76' lang='lat' dir='ltr'><strong>mar-qua</strong></span> 
     </span>
     <span class='ocr_line' id='line_1_30' title="bbox 460 4337 2710 4412; baseline -0.001 -20"><span class='ocrx_word' id='word_1_207' title='bbox 460 4337 675 4407; x_wconf 76' lang='lat' dir='ltr'><strong>argenti</strong></span> <span class='ocrx_word' id='word_1_208' title='bbox 705 4337 773 4391; x_wconf 90' lang='lat' dir='ltr'><strong>ad</strong></span> <span class='ocrx_word' id='word_1_209' title='bbox 798 4337 1141 4392; x_wconf 82' lang='lat' dir='ltr'><strong>voluntatem</strong></span> <span class='ocrx_word' id='word_1_210' title='bbox 1168 4338 1365 4392; x_wconf 88' lang='lat' dir='ltr'><strong>decani</strong></span> <span class='ocrx_word' id='word_1_211' title='bbox 1397 4338 1603 4408; x_wconf 79' lang='lat' dir='ltr'><strong>eligere</strong></span> <span class='ocrx_word' id='word_1_212' title='bbox 1634 4340 1870 4394; x_wconf 84' lang='lat' dir='ltr'><strong>volentis</strong></span> <span class='ocrx_word' id='word_1_213' title='bbox 1897 4340 2049 4412; x_wconf 88' lang='lat' dir='ltr'><strong>quod</strong></span> <span class='ocrx_word' id='word_1_214' title='bbox 2078 4339 2342 4394; x_wconf 86' lang='lat' dir='ltr'><strong>maluerit</strong></span> <span class='ocrx_word' id='word_1_215' title='bbox 2390 4337 2710 4404; x_wconf 85' lang='lat' dir='ltr'><strong>amborum,</strong></span> 
     </span>
     <span class='ocr_line' id='line_1_31' title="bbox 460 4425 2714 4499; baseline -0.001 -18"><span class='ocrx_word' id='word_1_216' title='bbox 460 4432 517 4481; x_wconf 87' lang='lat' dir='ltr'><strong>et</strong></span> <span class='ocrx_word' id='word_1_217' title='bbox 544 4428 615 4481; x_wconf 85' lang='lat' dir='ltr'><strong>de</strong></span> <span class='ocrx_word' id='word_1_218' title='bbox 643 4427 1024 4482; x_wconf 80' lang='lat' dir='ltr'><strong>installacione</strong></span> <span class='ocrx_word' id='word_1_219' title='bbox 1051 4427 1218 4482; x_wconf 88' lang='lat' dir='ltr'><strong>debet</strong></span> <span class='ocrx_word' id='word_1_220' title='bbox 1245 4427 1428 4482; x_wconf 86' lang='lat' dir='ltr'><strong>facere</strong></span> <span class='ocrx_word' id='word_1_221' title='bbox 1461 4429 1682 4484; x_wconf 83' lang='lat' dir='ltr'><strong>literam</strong></span> <span class='ocrx_word' id='word_1_222' title='bbox 1713 4430 1996 4485; x_wconf 84' lang='lat' dir='ltr'><strong>installato</strong></span> <span class='ocrx_word' id='word_1_223' title='bbox 2041 4428 2342 4499; x_wconf 77' lang='lat' dir='ltr'><strong>sigillatam</strong></span> <span class='ocrx_word' id='word_1_224' title='bbox 2387 4426 2568 4496; x_wconf 85' lang='lat' dir='ltr'><strong>sigillo</strong></span> <span class='ocrx_word' id='word_1_225' title='bbox 2627 4425 2714 4480; x_wconf 88' lang='lat' dir='ltr'><strong>sui</strong></span> 
     </span>
     <span class='ocr_line' id='line_1_32' title="bbox 460 4516 2714 4589; baseline -0 -17"><span class='ocrx_word' id='word_1_226' title='bbox 460 4517 783 4587; x_wconf 70' lang='lat' dir='ltr'><strong>decanatuS,</strong></span> <span class='ocrx_word' id='word_1_227' title='bbox 816 4532 919 4572; x_wconf 88' lang='lat' dir='ltr'><strong>nec</strong></span> <span class='ocrx_word' id='word_1_228' title='bbox 945 4523 1171 4572; x_wconf 87' lang='lat' dir='ltr'><strong>tenetur</strong></span> <span class='ocrx_word' id='word_1_229' title='bbox 1195 4516 1439 4571; x_wconf 84' lang='lat' dir='ltr'><strong>decanus</strong></span> <span class='ocrx_word' id='word_1_230' title='bbox 1470 4518 1773 4589; x_wconf 85' lang='lat' dir='ltr'><strong>requisitus</strong></span> <span class='ocrx_word' id='word_1_231' title='bbox 1798 4535 1899 4589; x_wconf 86' lang='lat' dir='ltr'><strong>per</strong></span> <span class='ocrx_word' id='word_1_232' title='bbox 1924 4520 2187 4573; x_wconf 87' lang='lat' dir='ltr'><strong>ellectum</strong></span> <span class='ocrx_word' id='word_1_233' title='bbox 2214 4517 2400 4588; x_wconf 87' lang='lat' dir='ltr'><strong>ipsum</strong></span> <span class='ocrx_word' id='word_1_234' title='bbox 2426 4516 2714 4571; x_wconf 85' lang='lat' dir='ltr'><strong>installare</strong></span> 
     </span>
     <span class='ocr_line' id='line_1_33' title="bbox 457 4605 2708 4679; baseline -0 -18"><span class='ocrx_word' id='word_1_235' title='bbox 457 4622 570 4661; x_wconf 91' lang='lat' dir='ltr'><strong>non</strong></span> <span class='ocrx_word' id='word_1_236' title='bbox 599 4605 782 4676; x_wconf 88' lang='lat' dir='ltr'><strong>primo</strong></span> <span class='ocrx_word' id='word_1_237' title='bbox 812 4606 946 4661; x_wconf 84' lang='lat' dir='ltr'><strong>visis</strong></span> <span class='ocrx_word' id='word_1_238' title='bbox 975 4606 1173 4661; x_wconf 87' lang='lat' dir='ltr'><strong>litteris</strong></span> <span class='ocrx_word' id='word_1_239' title='bbox 1217 4606 1666 4662; x_wconf 80' lang='lat' dir='ltr'><strong>confirmacionis</strong></span> <span class='ocrx_word' id='word_1_240' title='bbox 1693 4609 1942 4679; x_wconf 86' lang='lat' dir='ltr'><strong>predicte</strong></span> <span class='ocrx_word' id='word_1_241' title='bbox 1980 4607 2292 4663; x_wconf 82' lang='lat' dir='ltr'><strong>ellectionis</strong></span> <span class='ocrx_word' id='word_1_242' title='bbox 2335 4605 2578 4676; x_wconf 88' lang='lat' dir='ltr'><strong>episcopi</strong></span> <span class='ocrx_word' id='word_1_243' title='bbox 2618 4607 2708 4660; x_wconf 90' lang='lat' dir='ltr'><strong>vel</strong></span> 
     </span>
     <span class='ocr_line' id='line_1_34' title="bbox 459 4695 1643 4768; baseline -0.001 -15"><span class='ocrx_word' id='word_1_244' title='bbox 459 4695 694 4753; x_wconf 83' lang='lat' dir='ltr'><strong>alterius</strong></span> <span class='ocrx_word' id='word_1_245' title='bbox 718 4696 939 4768; x_wconf 80' lang='lat' dir='ltr'><strong>prelati,</strong></span> <span class='ocrx_word' id='word_1_246' title='bbox 973 4700 1106 4768; x_wconf 87' lang='lat' dir='ltr'><strong>puta</strong></span> <span class='ocrx_word' id='word_1_247' title='bbox 1136 4702 1189 4753; x_wconf 88' lang='lat' dir='ltr'><strong>et</strong></span> <span class='ocrx_word' id='word_1_248' title='bbox 1218 4695 1643 4768; x_wconf 85' lang='lat' dir='ltr'><strong>archiepiscopi.</strong></span> 
     </span>
    </p>
   </div>
  </div>
 </body>
</html>
