3485 5571
1407 587 1487 600 ..
1529 551 1647 619 103
1686 588 1769 601 -.

467 701 813 751 numerum
869 683 965 751 LX
1034 679 1336 752 librarum
1378 684 1665 753 excedat.
1697 683 1884 768 Quod
1918 696 1986 752 ut
2020 680 2106 753 ita
2146 694 2471 776 perpetuae
2517 679 2712 756 stabi-

463 794 666 866 litatis
702 795 989 868 obtineat
1025 796 1523 882 munimentum,
1556 811 1828 889 etquam
1870 794 2296 889 praesentibus
2330 812 2456 869 tam
2484 797 2711 869 suturis

464 909 884 1000 perhenniter
920 909 1310 995 innotescat,
1343 910 1582 1003 scripto
1648 911 2084 983 commendari
2133 935 2208 983 ac
2246 911 2440 1002 sigilli
2506 910 2707 983 nostri
2774 904 2786 913 ’

461 1023 846 1097 auctoritate
916 1025 1151 1097 muniri
1203 1028 1537 1117 nostrique
1577 1025 1857 1099 nominis
1906 1026 2436 1119 subter-inscripto
2491 1030 2711 1098 karac-

465 1151 604 1211 tere
644 1140 1043 1212 corroborari
1084 1140 1534 1233 praecepimus.

557 1258 785 1324 Actum
861 1254 1118 1347 publice
1190 1254 1570 1341 Aurelianis,
1637 1278 1809 1327 anno
1848 1259 1929 1329 ab
1965 1254 2407 1328 incarnatione
2454 1254 2709 1327 Domini

458 1371 750 1453 MCLVII,
791 1368 1301 1441 consecrationis
1348 1384 1584 1442 nostrae
1634 1374 1841 1442 XXVI.
1901 1370 2273 1442 Astantibus
2329 1372 2397 1441 iu
2456 1371 2709 1461 palacio

460 1498 693 1556 nostro
730 1506 1007 1574 qnorum
1046 1483 1417 1556 subtitulata
1449 1497 1599 1555 sunt
1639 1484 1900 1556 nomina
1938 1498 2003 1556 et
2032 1486 2241 1575 signa.
2272 1486 2409 1575 Sig.
2455 1483 2711 1555 comitis

462 1597 796 1670 Blesensis
822 1596 1196 1684 Theobaldi,
1250 1596 1520 1691 dapiferi
1579 1597 1808 1671 nostri.
1854 1603 1921 1672 S.
1965 1597 2257 1670 Widonis
2319 1596 2708 1670 buticularii.

462 1714 536 1781 S.
579 1710 825 1782 Mathaei
866 1709 1221 1782 camerarii.
1264 1715 1331 1783 S.
1375 1711 1621 1782 Mathaei
1647 1710 2131 1784 constabularii.
2748 1718 2751 1721 ’

556 1830 714 1897 Data
752 1849 868 1918 per
900 1848 1161 1897 manum
1194 1828 1479 1918 Hugonis
1518 1826 1907 1900 cancellarii.

1541 2236 1642 2294 Lu

1153 2512 1388 2582 horris,
1424 2512 1554 2592 [ap.
1591 2513 1630 2574 3
1669 2511 1849 2592 aont]
1883 2511 2037 2574 1124

473 2766 647 2824 Louis
672 2766 748 2822 VI
775 2765 1046 2821 confirme
1074 2781 1143 2821 au
1170 2763 1423 2836 chapitre
1452 2763 1504 2820 la
1530 2763 1849 2836 possession
1892 2762 1961 2821 de
2007 2764 2283 2838 Villepion
2319 2770 2372 2821 et
2401 2764 2477 2820 du
2501 2764 2618 2821 clos
2648 2765 2718 2822 de

1255 2861 1445 2932 vignes
1473 2860 1543 2916 de
1575 2861 1892 2917 Couasnon.

669 3032 852 3104 (Orig.
886 3031 1054 3087 Arch.
1087 3030 1164 3088 du
1191 3031 1395 3101 Loiret,
1429 3032 1496 3087 G.
1529 3031 1654 3088 371.
1675 3061 1738 3071 —
1772 3029 1944 3103 Copie
1969 3030 2039 3087 de
2070 3031 2295 3103 Baium,
2327 3048 2380 3104 p.
2411 3031 2524 3102 65).

863 3177 1027 3249 (Pub.
1048 3176 1241 3233 Musbe
1258 3177 1352 3235 des
1374 3177 1553 3232 Arch.
1577 3175 2126 3250 ἀέρανὶεηιεηταὶεο,
2150 3193 2206 3250 p.
2228 3177 2342 3249 68).

1154 3401 1515 3465 Ρωῑοερτωι
1546 3420 1621 3463 nn
1652 3402 1891 3464 Vincam
1921 3401 2048 3464 ιηοι

567 3638 633 3703 ln
677 3631 934 3704 nomine
973 3638 1344 3703 sanctae²et
1373 3628 1714 3702 individuae
1739 3629 2097 3729 Trinitatis.
2137 3635 2267 3723 Ego
2334 3632 2719 3715 LudovicuS,

475 3745 597 3820 Dei
627 3745 1061 3818 misericordia
1100 3744 1165 3815 in
1207 3767 1422 3836 regem
1465 3748 1849 3816 Francorum
1880 3744 2284 3817 sublimatus.
2317 3750 2545 3817 Notum
2586 3742 2722 3816 fieri

478 3864 623 3935 volo
686 3861 938 3933 cunctis
985 3863 1284 3933 fidelibus
1338 3874 1465 3931 tam
1522 3861 1754 3931 futuris
1830 3882 2021 3951 quam
2087 3858 2475 3931 instantibus
2551 3861 2722 3950 quod

548 4227 569 4264 ¹
608 4228 696 4283 Au
719 4236 814 4282 xv⁰
846 4224 1013 4281 siecle
1041 4238 1115 4278 on
1144 4240 1178 4278 a
1204 4223 1336 4279 ecrit
1369 4240 1441 4278 au
1471 4223 1571 4279 dos
1596 4240 1608 4280 :
1640 4243 1670 4275 α
1704 4225 1869 4279 Carta
1899 4222 2164 4280 Ludovici
2191 4222 2339 4294 regis
2370 4223 2439 4278 de
2467 4223 2724 4279 libertate

480 4316 607 4373 data
652 4316 885 4373 ecclesie
923 4331 1024 4387 pro
1076 4314 1203 4369 villa
1254 4313 1323 4368 de
1354 4313 1636 4384 Villepion
1665 4318 1717 4369 et
1749 4313 2063 4370 Couanum.
2095 4330 2126 4368 r
2165 4312 2243 4369 Le
2266 4314 2383 4369 clos
2413 4313 2487 4368 du
2511 4313 2724 4369 Grand-

480 4407 686 4478 Coigny
709 4405 882 4462 tenait
904 4407 934 4461 ὲ
964 4407 1017 4462 la
1040 4425 1066 4461 ι
1097 4422 1200 4461 rue
1228 4406 1260 4460 ὲ
1278 4403 1424 4460 aller
1450 4405 1481 4459 a
1513 4403 1809 4459 Couasnon
1838 4422 1888 4461 ι.
1905 4434 1962 4446 -
1983 4405 2100 4459 Ιῐιν.
2125 4403 2224 4459 des
2247 4404 2402 4460 titres
2423 4403 2492 4458 de
2510 4403 2725 4459 Sainte-

484 4497 644 4553 Croix
670 4496 866 4567 (Arch.
900 4496 975 4552 du
999 4495 1209 4560 Loiret,
1238 4494 1304 4549 G.
1334 4494 1461 4561 164)
1490 4509 1543 4565 p.
1569 4493 1697 4549 274.

551 4587 574 4619 ³
610 4586 705 4649 L'e
730 4586 863 4648 final
893 4591 977 4649 est
999 4585 1200 4647 cedille
1226 4584 1367 4648 dans
1396 4589 1516 4639 tout
1545 4589 1635 4647 cet
1658 4587 1796 4645 acte.
