3485 5571
1481 672 1796 736 ..35-

514 798 940 891 gloriosissini
973 802 1143 890 regis
1202 799 1629 885 Karlomanni,
1676 798 1738 868 in
1806 797 2039 891 quibus
2105 797 2603 870 continebantur
2661 823 2736 873 ec

512 915 730 984 clesiae
794 912 1267 984 Aurelianensis
1316 911 1642 1006 privilegia
1696 912 1830 983 sive
1907 927 2224 1004 praecepta
2300 911 2364 981 in
2432 912 2755 1004 eligendis

513 1026 637 1098 sibi
679 1026 1092 1118 pontificibus
1127 1026 1505 1098 auctoritate
1564 1026 1920 1116 apostolica
1983 1045 2047 1098 et
2085 1041 2569 1098 antecessorum
2608 1050 2761 1098 nos-

512 1155 755 1212 trorum
797 1139 1390 1212 confirmationibus
1423 1143 1726 1211 habuisse
1777 1143 2046 1211 firmata.
2092 1140 2200 1210 His
2271 1139 2486 1230 itaque
2557 1145 2757 1212 {ultus

510 1255 1020 1338 auctoritatibuS,
1091 1269 1373 1325 nostram
1473 1253 1980 1345 magnitudinem
2037 1254 2322 1325 exoravit
2391 1268 2457 1324 ut
2521 1270 2757 1325 nostrae

510 1368 910 1440 auctoritatis
946 1384 1334 1460 praeceptum
1376 1391 1571 1460 super
1609 1372 1734 1439 boc
1792 1371 2006 1439 denuo
2033 1365 2418 1457 conscriptae
2459 1371 2763 1439 reconfir-

512 1504 877 1553 massemus
915 1480 1231 1553 ecclesiae.
1290 1484 1485 1573 Cujus
1528 1480 1924 1552 humillimas
1965 1482 2327 1573 peticiones
2382 1495 2590 1552 rectas
2653 1503 2766 1571 per

511 1597 726 1667 omnia
753 1595 1241 1688 perspicientes,
1280 1595 1484 1687 primo
1522 1595 1812 1667 omnium
1849 1620 1964 1687 pro
1989 1594 2102 1667 Dei
2143 1619 2361 1667 amore
2399 1610 2464 1668 et
2511 1602 2763 1666 Sanctae

514 1714 817 1782 Romanae
853 1709 1161 1782 Ecclesiae
1200 1709 1610 1782 veneratione
1637 1723 1703 1782 et
1737 1710 1946 1802 ipsius
1988 1708 2401 1781 sacratissimi
2427 1708 2550 1781 loci
2583 1731 2760 1781 reve-

508 1824 741 1908 rentia,
782 1823 890 1914 qui
932 1823 1191 1915 speciali
1230 1823 1706 1908 benedictione,
1759 1847 1873 1916 per
1912 1847 2142 1894 manus
2196 1822 2452 1895 scilicet
2501 1822 2758 1894 Domini

509 1936 1008 2030 apparitionem,
1084 1951 1500 2009 consecratus
1562 1960 1709 2009 esse
1805 1936 2186 2020 dinoscitur,
2269 1936 2402 2008 fieri
2484 1937 2760 2009 libenter

510 2050 937 2123 decrevimus.
973 2050 1402 2123 concedimus
1456 2065 1765 2143 praeterea
1806 2053 1999 2143 hujus
2039 2065 2280 2123 sanctae
2312 2064 2532 2123 matris
2560 2056 2768 2123 eccle-

514 2167 628 2238 siae
667 2165 1084 2256 omniumque
1124 2165 1662 2237 monasteriorum
1725 2165 1847 2236 sibi
1914 2165 2373 2257 pertinentium
2433 2165 2765 2238 canonicis

509 2295 572 2352 et
639 2295 961 2373 praecepto
1021 2293 1259 2351 nostrae
1327 2278 1726 2351 auctoritatis
1790 2282 2195 2361 roboramu3‚
2263 2295 2331 2349 ut
2374 2279 2678 2371 quicquid
2703 2293 2757 2364 ²,

510 2396 728 2466 clerici
803 2397 1209 2486 prael'atorum
1277 2397 1566 2465 locorum
1630 2408 1922 2485 tempore
1980 2395 2127 2463 vitae
2190 2416 2322 2465 suae
2388 2397 2618 2466 domos
2655 2409 2765 2466 aut

509 2507 778 2579 aedificia
842 2507 1153 2580 aedificata
1217 2510 1312 2578 vel
1368 2506 1745 2579 aedilicanda
1783 2506 2335 2598 promeruerint0,
2378 2508 2764 2600 cuicumque

510 2620 870 2713 delegerint
908 2644 982 2693 ex
1010 2624 1211 2710 clero,
1248 2624 1526 2692 habeant
1589 2620 1872 2692 donandi
1916 2620 2301 2704 libertatem,
2346 2624 2484 2695 sive
2523 2644 2765 2693 venun-

508 2734 700 2808 dandi
746 2748 1154 2828 potestatem,
1196 2734 1335 2808 sine
1368 2734 1578 2827 aliqua
1619 2733 2081 2828 prohibitione,
2134 2750 2199 2808 et
2260 2736 2423 2807 intra
2480 2740 2759 2810 claustra

507 2854 917 2944 praefatorum
975 2853 1260 2921 locorum
1302 2852 1517 2920 nullus
1579 2852 1659 2920 de
1718 2852 2003 2921 exercitu
2048 2863 2157 2920 aut
2196 2864 2480 2943 potestas
2549 2852 2762 2942 aliqua

508 2964 988 3057 episcoporum,
1029 2967 1357 3051 abbatum,
1401 2962 1738 3047 comitum,
1819 2987 1935 3036 seu
1965 2964 2357 3055 reliquorum
2423 2989 2758 3057 procerum

511 3077 1048 3151 mansionaticum
1118 3100 1308 3168 agere
1375 3090 1772 3169 praesumat;
1841 3082 1955 3150 sed
2035 3078 2199 3150 servi
2271 3079 2523 3150 Domini
2601 3080 2755 3152 inibi

510 3206 1022 3275 commanentes,
1064 3191 1321 3282 antiqua
1339 3192 1631 3263 libertate
1664 3191 1872 3284 potiti,
1902 3191 2192 3263 militiam
2224 3193 2478 3264 Domini
2505 3198 2750 3286 absque

515 3312 639 3379 ulla
712 3306 1156 3398 inquietudine
1219 3308 1467 3378 valeant
1518 3310 1773 3397 explere
1848 3307 2083 3378 securi.
2153 3311 2228 3377 Et
2291 3322 2357 3378 ut
2410 3311 2589 3379 hoeb
2646 3332 2759 3401 per

512 3421 727 3495 omnia
765 3435 1054 3513 tempora
1092 3419 1543 3492 inviolabiliter
1575 3436 1993 3493 conservetur
2046 3422 2385 3511 veriusque
2429 3424 2750 3498 credatur.

514 3560 706 3607 manu
738 3534 989 3627 propria
1037 3534 1677 3619 subterfirmavimus,
1741 3548 1806 3607 et
1843 3536 2015 3606 anuli
2066 3535 2265 3607 nostri
2329 3536 2758 3627 impressione

510 3649 826 3741 assignari
882 3650 1225 3741 jussimus.
1313 3655 1543 3721 Datum
1620 3649 2001 3721 Silvanectis
2066 3650 2325 3741 palatio,
2372 3675 2596 3723 mense
2651 3676 2758 3723 no-

510 3763 782 3847 vembri,
842 3762 1193 3835 indictione
1248 3779 1497 3854 quarta,
1539 3786 1709 3835 anno
1785 3777 2011 3856 quarto
2077 3779 2385 3855 regnante
2447 3771 2754 3856 Hugone⁰

508 3901 687 3969 rege.
724 3877 1072 3950 Bainoldus
1110 3876 1454 3970 episcopus
1479 3891 1543 3949 et
1564 3877 2218 3970 prothocancellarius
2260 3879 2591 3972 scripsitd.

574 4608 836 4660 XXXIX.
874 4633 933 4646 -
962 4605 1369 4672 z.quioumquo.
1401 4637 1459 4645 -
1487 4623 1543 4659 a.
1574 4607 2020 4673 promeruerit.-
2044 4611 2097 4659 b.
2131 4608 2271 4659 haec.
2303 4635 2365 4648 —
2388 4622 2441 4658 c.
2475 4608 2643 4659 Rotbe
2678 4615 2755 4658 to,

521 4715 575 4729 -·
600 4689 656 4737 d.
700 4687 1046 4752 subscripsit..
