3485 5571
1412 649 1724 708 -17-

439 777 651 846 eidem
695 774 972 865 capitulo
1004 774 1251 864 integro
1276 798 1347 843 ex
1373 777 1513 863 jure
1538 777 1869 843 habendos
1911 774 2404 864 recognovimus
2438 790 2504 844 et
2542 796 2697 845 con-

442 888 787 959 cessimus.
832 891 991 959 Huic
1021 911 1174 979 ergo
1214 890 1621 971 concessioni
1654 902 1891 958 nostrae
1933 887 2086 957 nulli
2116 909 2411 978 personae
2473 891 2567 960 fas
2615 887 2700 958 sit

442 1003 662 1092 aliquo
699 1002 762 1073 in
785 1006 979 1073 modo
1002 1016 1329 1095 posterum
1378 1002 1716 1073 contraire.
1772 1006 2082 1073 Praeterea
2124 1004 2203 1071 de
2241 1024 2424 1072 coena
2465 1025 2609 1092 quae
2662 1024 2698 1071 a

442 1116 723 1188 Domino
760 1120 911 1188 Jesu
944 1118 1198 1186 Christo
1228 1115 1605 1186 imminente
1639 1115 1845 1205 ipsius
1902 1114 2229 1207 passione,
2290 1118 2546 1206 quando
2586 1140 2699 1207 pe·
2731 1132 2742 1143 ·

445 1234 560 1301 des
602 1230 754 1300 lavit
782 1230 1269 1321 discipulorum,
1313 1228 1639 1300 humiliter
1676 1233 2061 1300 celebratata
2102 1244 2226 1311 est,
2266 1244 2330 1300 et
2374 1233 2560 1321 cujus
2600 1254 2698 1300 re-

447 1343 861 1435 praesentatio
899 1342 1220 1435 Apostolis
1259 1360 1322 1414 et
1353 1343 1639 1435 ipsorum
1679 1342 1945 1414 Vicariis
1985 1342 2351 1434 specialiter
2391 1342 2454 1413 in
2486 1366 2698 1414 exem-

447 1462 627 1550 plum
657 1472 721 1529 et
760 1463 1028 1529 sormam
1062 1457 1435 1528 humilitatis
1470 1459 1754 1549 injuncta
1794 1473 1893 1528 est
1923 1472 1986 1528 et
2013 1457 2258 1540 relicta,
2291 1471 2353 1527 et
2393 1458 2473 1528 de
2515 1457 2701 1527 lumi-

447 1571 578 1641 nari
628 1574 794 1662 quod
827 1570 893 1641 in
940 1571 1281 1642 festivitate
1335 1570 1758 1662 gloriossimae
1798 1569 2077 1661 Virginis
2131 1569 2334 1641 Mariae
2374 1573 2452 1642 de
2493 1570 2702 1661 ipsius

446 1684 899 1756 Purificatione
940 1684 1168 1775 agitur,
1213 1685 1437 1755 humili
1478 1684 1936 1756 canonicorum
2005 1683 2315 1773 petitione
2359 1686 2703 1754 statuimus

446 1802 620 1890 quod
689 1813 1030 1888 utrumque
1092 1798 1279 1869 annis
1333 1796 1628 1889 singuliS‚
1703 1821 1952 1869 coenam
2023 1797 2321 1868 videlicet
2373 1811 2439 1868 et
2519 1797 2705 1867 lumi-

448 1936 628 1992 nare,
674 1915 810 1983 sive
851 1912 1204 1982 Aurelianis
1259 1929 1609 2003 praesentes
1659 1911 1794 1983 sive
1837 1916 2141 1983 absentes
2205 1912 2437 1994 simuS,
2471 1935 2707 1983 secun-

449 2030 600 2096 dum
644 2025 980 2116 antiquum
1012 2049 1255 2096 morem
1274 2029 1590 2097 Ecclesioe
1613 2029 1692 2096 de
1725 2040 1946 2096 nostro
1980 2024 2314 2108 faciemus,
2347 2024 2705 2096 adicientes

447 2143 622 2230 quod
668 2138 734 2208 in
767 2140 995 2210 diebus
1036 2139 1272 2210 nostris
1309 2153 1603 2211 neutrum
1643 2139 2158 2231 deprecabimur,
2193 2154 2256 2210 et
2295 2142 2415 2210 sub
2444 2142 2709 2210 anathe-

450 2268 622 2325 mate
668 2253 1081 2344 prohibentes
1122 2276 1201 2325 ne
1242 2257 1371 2325 ullo
1420 2257 1612 2325 modo
1654 2256 1842 2325 nobis
1874 2258 1969 2324 vel
2031 2253 2525 2325 successoribus
2565 2276 2712 2324 nos-

450 2368 567 2437 tris
607 2382 903 2457 tempore
963 2366 1175 2457 aliquo
1230 2389 1265 2435 a
1305 2368 1584 2457 capitulo
1624 2369 2098 2438 condonentur.
2156 2370 2233 2438 Ut
2298 2370 2440 2437 haec
2494 2379 2709 2435 autem

448 2495 788 2572 perpetuae
849 2479 1212 2551 stabilitatis
1266 2480 1596 2552 obtineant
1671 2480 2168 2562 munimentum,
2238 2479 2429 2571 sigilli
2504 2477 2705 2550 nostri

448 2593 835 2665 anctoritate
867 2594 1509 2665 subterfirmavimus.

539 2716 777 2779 Actum
817 2708 1169 2779 Aurelianis
1207 2708 1271 2778 in
1303 2709 1582 2801 capitulo
1632 2714 1884 2781 Sanctae
1935 2709 2156 2781 Crucis
2197 2707 2479 2801 publice,
2541 2731 2713 2780 anno

453 2823 776 2895 incarnati
843 2823 1030 2894 Verbi
1090 2827 1316 2906 MCLV,
1389 2838 1694 2915 regnante
1767 2824 2048 2916 glorioso
2104 2829 2487 2895 Francorum
2562 2846 2716 2914 rege

456 2935 808 3022 Ludovico,
867 2935 1164 3008 Ludovici
1226 2936 1380 3020 filio,
1443 2962 1614 3009 anno
1668 2938 1847 3030 regni
1896 2937 1995 3008 sui
2037 2941 2246 3025 xvln,
2305 2937 2717 3030 episcopatus

455 3074 605 3122 vero
658 3052 866 3121 nostri
907 3074 1077 3123 anno
1106 3055 1267 3122 VllI.

541 3170 786 3236 Datum
821 3188 935 3257 per
974 3188 1230 3236 manum
1274 3166 1519 3257 Algrini‘
1556 3166 1958 3238 Cancellarii.

1542 3493 1643 3553 VIl

1170 3742 1398 3825 [Api-es
1441 3746 1503 3805 le
1546 3745 1583 3807 3
1628 3744 1808 3824 aout]
1861 3745 2016 3806 1124

465 3974 625 4044 Jean,
660 3975 869 4045 eveque
915 3971 1228 4044 d’Orleans,
1262 3971 1496 4026 accorde
1546 3989 1620 4027 au
1668 3973 1918 4044 chapitre
1971 3974 2002 4027 a
2049 3975 2360 4046 perpetuite
2412 3977 2466 4030 la
2494 3975 2621 4029 villa
2650 3974 2720 4028 de

539 4070 821 4140 Villepion
853 4075 908 4124 et
934 4069 985 4123 le
1005 4069 1122 4124 clos
1143 4068 1211 4123 de
1241 4069 1404 4139 vigne
1433 4069 1503 4123 de
1529 4068 1759 4139 Coigny.

602 4267 894 4338 (original,
917 4267 1088 4323 Arch.
1122 4265 1197 4321 du
1222 4267 1431 4336 Loiret,
1464 4267 1532 4322 G.
1563 4266 1691 4321 371.
1722 4297 1791 4306 —
1821 4266 1990 4338 Copie
2020 4266 2090 4322 de
2119 4268 2342 4337 Baluze‚
2379 4285 2433 4340 p.
2466 4268 2578 4337 86.)

566 4534 634 4601 ln
678 4533 936 4602 nomine
993 4543 1234 4601 sanctae
1272 4544 1336 4599 et
1374 4527 1723 4599 individuae
1770 4527 2118 4600 Trinitatis.
2176 4533 2305 4619 Ego
2370 4532 2720 4612 lohannes,

482 4645 593 4715 Dei
625 4648 823 4736 gratia
864 4643 1337 4715 Aurelianensis
1368 4643 1733 4735 episcopus,
1779 4656 1844 4713 et
1879 4647 2243 4733 Stephanus
2281 4647 2532 4711 Sanctae
2573 4646 2727 4711 Cru-

696 4788 841 4844 unu.
889 4799 1029 4842 xxx.
2514 4782 2550 4834 2
