3485 5571
1785 702 1862 713 —
1905 663 2142 730 234-

837 794 970 868 rint
1008 794 1291 866 universi
1332 797 1501 883 quod
1541 817 1686 865 cum
1728 796 1899 866 inter
1936 794 2281 887 capitulum
2327 799 2559 867 Sancte
2598 796 2824 868 Crucis
2880 801 3078 868 Aure-

837 908 1170 994 lianensis,
1214 931 1288 980 ex
1329 931 1454 979 una
1511 921 1717 999 parte,
1777 922 1842 979 et
1900 910 2313 980 Milesendem
2374 911 2453 980 de
2511 910 2649 980 Juis
2697 924 2763 982 et
2815 914 3078 983 heredes

836 1046 1018 1108 suos,
1060 1045 1134 1095 ex
1162 1022 1310 1107 alia,
1352 1044 1546 1114 super
1583 1020 1942 1093 redditibus
1983 1036 2150 1095 terre
2203 1045 2320 1095 sue
2368 1024 2448 1095 de
2492 1022 2630 1095 Juis
2696 1024 2804 1116 qui
2861 1037 3078 1117 pastus

834 1152 900 1209 et
936 1136 1298 1208 charreium
1324 1146 1801 1229 nuncupantur,
1844 1159 2010 1228 quos
2036 1140 2318 1209 cultores
2366 1138 2536 1209 iliius
2563 1152 2731 1210 terre
2779 1152 3076 1210 tenentur

834 1251 1163 1323 annuatim
1190 1252 1465 1335 solvere,
1490 1252 1745 1342 questio
1772 1263 2147 1334 verteretur,
2173 1264 2317 1344 post
2343 1255 2612 1344 longuas
2633 1251 3076 1325 altercationes

837 1370 957 1440 sub
1016 1372 1140 1439 hac
1199 1371 1397 1440 torma
1468 1367 2002 1459 compositionem
2073 1366 2474 1439 amicabilem
2535 1368 2840 1454 inierunt,
2906 1372 3073 1461 quod

836 1481 1198 1553 Milesendis
1236 1492 1301 1552 et
1341 1481 1606 1573 predicti
1639 1485 1911 1554 heredes
1949 1482 2015 1552 in
2056 1496 2221 1553 terra
2262 1480 2549 1573 J’amdicti
2598 1482 2858 1575 capituli
2924 1483 3076 1556 inira

832 1595 1084 1667 instans
1113 1599 1346 1666 festum
1384 1594 1553 1668 beati
1591 1599 1906 1667 Johannis
1961 1595 2295 1668 hostisiam
2360 1609 2764 1681 construent,
2829 1612 2896 1670 et
2973 1619 3077 1690 pro

834 1709 1140 1802 predictis
1179 1722 1365 1801 pastu
1408 1723 1474 1780 et
1515 1709 1806 1782 charreio
1836 1723 2086 1802 septem
2127 1710 2370 1783 solidos
2407 1710 2787 1783 Parisiensis
2816 1725 3072 1783 monete

833 1823 897 1894 in
934 1823 1215 1896 crastino
1274 1823 1421 1895 testi
1485 1836 1706 1895 sancte
1769 1825 1996 1897 Crucis
2060 1846 2285 1896 mense
2336 1825 2689 1918 septembri
2752 1828 3075 1898 annuatim

833 1941 1199 2031 persolvent
1233 1963 1251 2023 ;
1292 1951 1357 2009 et
1395 1936 1449 2009 si
1482 1940 1645 2010 forte
1674 1940 2033 2031 prescripto
2074 1937 2350 2010 termino
2387 1937 2475 2009 illi
2527 1951 2779 2031 septem
2833 1939 3075 2012 solidos

833 2075 962 2123 non
1003 2053 1370 2135 redderent,
1427 2067 1780 2125 memorato
1854 2052 2133 2143 capitulo
2198 2055 2296 2124 vel
2358 2053 2752 2144 procuratori
2812 2055 3067 2147 capituli

831 2169 1271 2239 emendarent.
1318 2171 1607 2238 Preterea
1637 2167 1970 2239 memorati
2013 2166 2376 2239 Milesendis
2401 2181 2464 2239 et
2494 2171 2768 2240 heredes
2800 2168 2924 2256 sui,
2967 2166 3070 2261 qui

831 2294 1064 2353 terram
1109 2281 1456 2374 predictam
1486 2285 1805 2368 excolent,
1828 2280 2256 2374 justiciabiles
2291 2296 2480 2353 erunt
2511 2281 2772 2375 capituli
2803 2286 2898 2355 ve!
2935 2306 3077 2376 pro-

831 2394 1143 2466 curatoris
1180 2394 1384 2486 ipsius
1412 2393 1670 2487 capituli
1703 2410 1833 2466 tam
1875 2399 1954 2466 de
1993 2395 2260 2468 hostisia
2299 2419 2490 2488 quam
2531 2400 2610 2468 de
2646 2410 2845 2481 terra,
2906 2396 3075 2469 sicut

830 2508 933 2580 alii
975 2512 1290 2601 hospites.
1328 2513 1594 2602 Insuper
1633 2513 1880 2581 tructus
1926 2509 2097 2582 illius
2161 2525 2327 2583 terre
2394 2534 2523 2583 non
2574 2527 2749 2583 extra
2817 2513 3073 2583 domum

829 2621 1087 2715 capituli
1128 2627 1483 2706 trahentur,
1525 2623 1722 2694 immo
1756 2623 2118 2696 Milesendis
2157 2638 2221 2696 et
2258 2627 2531 2697 heredes
2566 2625 2665 2696 sui
2707 2625 2769 2695 in
2801 2623 3069 2696 hostisia

832 2758 972 2821 sua,
1015 2735 1079 2807 in
1105 2751 1270 2809 terra
1300 2735 1557 2829 capituli
1599 2735 1767 2809 sicut
1805 2738 2045 2809 dictum
2075 2752 2173 2810 est
2205 2739 2528 2821 fabricata,
2559 2761 2874 2832 reponere
2900 2752 3070 2811 tene-

832 2853 1089 2922 buntur.
1135 2855 1373 2923 Gerbas
1424 2874 1572 2924 vero
1603 2867 1770 2924 terre
1818 2855 2189 2945 supradicte
2231 2857 2306 2924 ad
2356 2855 2570 2925 locum
2630 2853 2809 2924 illum
2873 2856 3071 2924 addu-

830 2977 979 3035 cent
1023 2967 1100 3035 ad
1176 2989 1364 3056 quem
1415 2965 1518 3037 alii
1585 2966 1874 3057 hospites
1941 2990 2092 3038 suas
2131 2970 2359 3058 garbas
2398 2971 2747 3041 adducent.
2807 2966 3069 3039 Predicti

831 3100 984 3150 vero
1024 3079 1385 3151 Milesendis
1409 3094 1473 3152 et
1503 3085 1704 3172 Hugo‚
1741 3080 1909 3152 filius
1935 3085 2102 3173 ejus,
2137 3083 2203 3151 in
2230 3081 2554 3174 presentia
2582 3097 2801 3155 nostra
2829 3084 3068 3155 consti-

830 3193 976 3277 tuti,
1015 3196 1204 3265 istam
1245 3198 1788 3286 compositionem
1839 3200 2181 3268 tenendam
2242 3200 2366 3268 fide
2431 3196 2806 3288 interposita
2873 3201 3071 3268 firma-

830 3322 1078 3377 verunt.
1125 3311 1309 3393 Quod
1339 3323 1406 3379 ut
1430 3321 1636 3380 ratum
1670 3324 1733 3381 et
1763 3310 2222 3382 inconcussum
2266 3325 2663 3402 permaneat,
2692 3314 2774 3381 ad
2815 3310 3068 3403 peticio-

773 3482 777 3485 .
832 3443 978 3491 nem
1009 3421 1340 3513 utriusque
1380 3423 1577 3514 partis
1618 3439 1984 3516 presentem
2020 3424 2312 3515 paginam
2354 3423 2543 3516 sigini
2602 3424 2805 3496 nostri
2869 3424 3067 3495 muni-

828 3534 1001 3605 mine
1041 3535 1312 3607 tecimus
1356 3538 1662 3608 roborari.
1710 3547 1934 3610 Actum
2001 3562 2172 3611 anno
2237 3542 2443 3631 gratie
2512 3543 2562 3610 Μ
2629 3539 3063 3611 ducentesimo

828 3661 1077 3734 octavo,
1121 3673 1344 3723 mense
1382 3653 1750 3723 novembri.
