3485 5571
1444 574 1803 640 —101—

509 706 975 791 commendari,
1068 705 1255 798 sigilli
1348 703 1548 776 nostri
1643 703 2021 775 auctoritate
2090 703 2350 788 muniri,
2419 702 2750 795 nostrique

499 822 794 896 nominis
865 820 1398 913 subterinscripto
1465 833 1789 891 caractere
1861 818 2258 891 corroborari
2312 818 2745 912 precepimuS‚

496 952 565 1009 et
602 961 757 1027 erga
797 936 1171 1019 canonicos»,
1215 950 1280 1006 ut
1310 958 1502 1027 supra
1547 935 1791 1007 dictum
1840 948 1967 1018 est,
2010 932 2073 1004 in
2109 956 2300 1005 manu
2337 933 2653 1025 cepimus.

590 1058 816 1123 Actum
861 1050 1113 1143 publice
1174 1049 1551 1129 Aurelianis,
1622 1071 1792 1121 anno
1854 1051 1934 1119 ab
1988 1047 2427 1120 incarnatione
2491 1048 2746 1120 Domini

495 1170 783 1249 MCXLV,
838 1165 1017 1256 regui
1068 1187 1213 1235 vero
1254 1163 1455 1235 nostri
1513 1167 1696 1236 Vllll.
1742 1161 2114 1234 Astantibus
2158 1161 2221 1232 in
2262 1165 2496 1253 palatio
2527 1177 2748 1234 nostro

496 1304 776 1371 quorum
801 1281 1059 1350 nomina
1081 1277 1450 1350 subtitulata
1476 1291 1629 1349 suut
1666 1293 1730 1349 et
1757 1277 1963 1368 signa.
1987 1283 2053 1347 S.
2073 1280 2316 1349 Radulfi
2330 1276 2748 1349 Viromaudo-

494 1418 642 1466 rum
681 1393 966 1476 comitis‚
991 1391 1258 1483 dapiferi
1300 1390 1526 1463 nostri.
1558 1395 1625 1462 S.
1658 1390 1965 1462 willelmi
2003 1389 2392 1462 buticularii.
2436 1390 2745 1463 S.lllathei

494 1507 854 1580 camerarii.
902 1510 967 1577 S.
1013 1506 1234 1577 Mathei
1275 1504 1755 1578 constabularii.
2383 1511 2388 1514 “

591 1625 749 1692 Data
791 1644 903 1713 per
942 1644 1199 1691 manum
1229 1620 1493 1692 Cadurci
1522 1620 1914 1692 cancellarii.

1588 2036 1660 2096 LI

961 2315 1260 2392 OrleanS‚
1294 2314 1389 2395 [31
1426 2331 1604 2376 mars
1638 2312 1673 2377 a
1703 2314 1783 2376 24
1813 2315 2103 2393 octobre]
2136 2314 2290 2378 1157

500 2614 678 2671 Louis
706 2613 809 2668 vll
839 2612 988 2682 regle
1017 2612 1099 2667 les
1128 2612 1302 2667 droits
1332 2628 1537 2683 royaux
1566 2629 1665 2667 sur
1692 2612 1744 2666 le
1771 2611 2029 2667 mobilier
2058 2612 2156 2667 des
2186 2613 2424 2683 eveques
2455 2612 2747 2667 d’Orleans

576 2710 809 2765 decedes
840 2714 893 2763 et
923 2716 1136 2780 promet
1157 2710 1325 2780 qu'en
1348 2715 1526 2780 temps
1550 2708 1619 2763 de
1648 2708 1833 2779 regale
1856 2708 1893 2762 il
1916 2725 1987 2764 ne
2012 2725 2134 2763 sera
2162 2725 2335 2779 percu
2364 2710 2572 2780 qu'une
2596 2709 2748 2763 taille

576 2825 687 2865 non
717 2808 1045 2880 superieure
1073 2808 1106 2863 a
1128 2808 1375 2863 soixante
1400 2808 1590 2862 livres.

506 3022 699 3093 (Arch.
737 3024 889 3091 Nat.,
920 3023 970 3076 J.
1007 3022 1146 3077 ¹70:
1186 3037 1254 3077 no
1282 3022 1388 3077 27:
1422 3024 1579 3094 copie
1608 3025 2010 3096 authentique3
2050 3057 2118 3065 —
2162 3026 2284 3081 Bib.
2336 3033 2452 3082 nat.
2500 3044 2603 3083 ms.
2652 3028 2746 3084 lat.

968 3117 1147 3173 9009:
1182 3118 1227 3171 P
1251 3118 1398 3192 2933
1433 3148 1502 3161 —
1539 3120 1707 3191 Copie
1730 3120 1803 3176 de
1834 3121 2055 3189 Belum,
2085 3137 2139 3191 p.
2172 3121 2288 3190 63.)

851 3292 1018 3363 (Pub.
1075 3292 1264 3350 Gallia
1306 3293 1645 3357 christiana,
1696 3300 1734 3349 t.
1790 3295 1941 3363 Vm,
1988 3293 2095 3349 col.
2133 3292 2412 3364 513-514).

600 3560 669 3627 ln
703 3555 963 3626 nomine
1010 3569 1249 3625 sauctae
1306 3568 1371 3627 et
1413 3555 1756 3626 individuae
1804 3554 2158 3638 TrinitatiS‚
2203 3555 2581 3638 tadwinus,
2633 3556 2748 3627 Dei

515 3670 711 3763 gratia
765 3693 873 3741 rex
925 3674 1334 3753 Francorum,
1404 3671 1703 3741 omnibus
1745 3670 1807 3740 iu
1858 3683 2258 3762 perpetuum.
2323 3670 2526 3741 Nichil
2567 3694 2748 3761 aeque

514 3808 813 3876 magnum
854 3797 961 3855 aut
991 3783 1341 3876 gloriosum
1382 3784 1630 3877 operari
1661 3783 1943 3856 creditur
1972 3785 2253 3855 liberalis
2279 3783 2751 3875 magnificentia

510 3923 762 3991 regum,
803 3922 994 3990 quam
1030 3911 1096 3969 ut
1133 3897 1552 3983 ecclesiarum
1583 3900 1940 3971 libertatem
1971 3899 2220 3991 pietatis
2248 3900 2460 3970 studio
2496 3921 2750 3990 semper

510 4014 802 4084 intendat
841 4036 1098 4105 augere,
1177 4029 1241 4085 et
1262 3992 1534 4098 ffiolitas
1573 4014 2103 4099 consuetudine8‚
2171 4038 2330 4105 quas
2385 4017 2465 4084 ad
2530 4037 2749 4085 earum

515 4150 853 4217 gravamen
898 4126 1330 4219 possessionis
1371 4152 1527 4199 usus
1567 4128 1628 4198 in
1687 4142 1976 4200 tenorem
2011 4128 2173 4220 juris
2220 4128 2499 4209 adduxit,
2560 4128 2750 4198 ratio-

513 4242 705 4313 nabili
747 4242 1140 4334 providentia
1169 4246 1469 4314 relaxare.
1515 4245 1708 4334 Cujus
1746 4242 1833 4314 rei
1875 4243 2074 4335 gratia
2102 4243 2505 4315 dilectissimi
2547 4246 2747 4316 nostri

511 4363 818 4444 Manasse,
887 4357 1265 4427 venerabilis
1337 4357 1810 4429 Aurelianensis
1871 4361 2189 4450 episcopi,
2277 4358 2395 4449 piae
2457 4360 2750 4451 petitioni

510 4470 721 4542 debita
782 4469 1174 4561 benignitate
1218 4486 1466 4563 gratum
1515 4471 1957 4564 impertientes
2025 4496 2392 4556 assensum,
2447 4472 2749 4564 quoniam

516 4610 588 4661 ex
627 4586 898 4660 internae
924 4584 1287 4662 dilectionis
1316 4589 1544 4663 affectu
1584 4587 1926 4661 ecclesiam
1953 4587 2470 4663 Aurelianensem
2497 4612 2753 4684 semper
