3485 5571
1763 676 1840 691 -
1883 632 2120 707 334--

1845 1006 2064 1074 CCXLI

1872 1287 2033 1350 1236

820 1514 1102 1587 Philippe,
1135 1514 1345 1586 eveque
1377 1515 1689 1586 d'OrleanS‚
1722 1516 1909 1571 donne
1936 1532 2009 1570 au
2039 1516 2292 1588 chapitre
2322 1516 2375 1569 la
2399 1514 2549 1569 dlme
2601 1513 2669 1568 de
2699 1512 2842 1585 Gidy
2869 1514 3004 1587 qu'il
3034 1531 3067 1569 a

890 1614 1119 1670 achetee
1150 1614 1255 1670 100
1282 1616 1452 1670 livres
1482 1614 1686 1686 parisis
1714 1631 1822 1669 aux
1867 1614 2161 1685 legataires
2199 1614 2269 1668 de
2326 1628 2430 1668 son
2476 1610 2881 1684 predecesseur
2933 1609 3067 1665 Phi-

891 1712 1064 1784 lipps,
1098 1720 1158 1769 et
1180 1713 1288 1767 fixe
1314 1712 1367 1767 la
1396 1711 1758 1777 distribution
1786 1711 1886 1767 des
1926 1726 2185 1770 revenus.
2239 1711 2354 1766 Son
2401 1724 2735 1768 successeur
2770 1723 2976 1779 pourra
3017 1707 3070 1763 la

890 1808 1147 1866 racheter
1165 1807 1273 1863 100
1302 1808 1470 1865 livres
1501 1824 1573 1865 au
1623 1808 1895 1878 chapitre,
1925 1807 2068 1863 mais
2090 1806 2403 1867 seulement
2456 1805 2598 1868 dans
2635 1804 2856 1864 l'annee
2899 1804 2972 1860 de
3009 1821 3070 1859 sa

890 1906 1303 1966 confirmation.

1284 2025 1462 2094 (Orig.
1493 2040 1539 2079 s,
1575 2025 1768 2095 parch.
1800 2024 1971 2080 Arcb.
2001 2025 2079 2078 du
2108 2023 2314 2094 Loiret‚
2355 2024 2422 2080 G.
2452 2022 2605 2092 329.)

914 2241 1274 2334 Philippus,
1349 2242 1562 2313 divina
1622 2240 2048 2333 permissione
2129 2240 2604 2313 Aurelianensis
2693 2240 3065 2333 episcopuS,

826 2359 1133 2429 omnibus
1156 2356 1565 2448 presentibus
1601 2372 1662 2430 et
1716 2355 1944 2430 futuris
1982 2360 2253 2431 salutem
2302 2355 2366 2427 in
2406 2358 2708 2437 Domino.
2771 2356 3069 2433 Noverint

825 2456 1104 2543 universi
1134 2473 1309 2563 quod
1337 2495 1456 2543 nos
1488 2474 1804 2547 decimam
1837 2476 1916 2544 de
1946 2471 2229 2555 Gidiaco,
2263 2495 2452 2562 quam
2479 2494 2514 2544 a
2552 2470 2877 2563 legatariis
2903 2474 3070 2542 bone

825 2583 1133 2657 memorie
1173 2583 1471 2677 Philippi,
1515 2589 1841 2677 quondam
1894 2585 2371 2658 Aurelianensis
2410 2584 2729 2678 episcopi,
2769 2588 2880 2677 qui
2929 2607 3069 2657 eam

822 2699 1240 2791 acquisierat,
1282 2703 1362 2771 de
1402 2704 1704 2772 mandato
1749 2700 1953 2806 ipsius
1991 2700 2369 2790 *habuimuffi
2426 2701 2671 2779 eisdem
2751 2700 3067 2794 legatariis

825 2829 1082 2886 centum
1126 2817 1325 2894 libras
1356 2814 1811 2907 parisiensium
1870 2819 2320 2909 persolvendo,
2372 2816 2670 2890 dedimus
2712 2830 2778 2888 et
2829 2839 3063 2898 conce·

827 2930 1040 2999 dimus
1080 2931 1360 3020 capitulo
1390 2928 1871 3002 Aurelianensis
1910 2930 2186 3002 ecclesie
2224 2943 2534 3023 perpetuo
2585 2927 3064 3022 possidendam,

828 3056 889 3112 et
917 3044 995 3111 de
1018 3043 1159 3133 ejus
1185 3043 1622 3133 proventibus,
1653 3047 1882 3124 eodem
1905 3043 2185 3135 capitulo
2210 3046 2632 3129 concedente,
2655 3045 2750 3116 sic
2777 3043 3070 3118 duximus

827 3156 1282 3241 ordinandum,
1320 3160 1493 3248 quod
1552 3159 1616 3228 in
1660 3162 1822 3229 testo
1878 3161 2210 3230 beatorum
2260 3158 2590 3234 martirum
2632 3156 2912 3238 Mauricii
2966 3180 3067 3232 so-

828 3268 1201 3361 ciorumque
1232 3274 1400 3361 ejus,
1433 3275 1601 3362 quod
1641 3270 1703 3343 in
1745 3274 1969 3348 eadem
2000 3271 2274 3344 ecclesia
2313 3275 2420 3343 fiet
2446 3275 2699 3365 duplex,
2745 3271 3071 3363 sexaginta

830 3383 1044 3468 solidi,
1082 3383 1376 3457 videlicet
1406 3389 1494 3455 xl·
1531 3385 1717 3457 solidi
1758 3386 2088 3458 canonicis
2122 3401 2186 3459 et
2214 3388 2326 3457 xx‘¹
2365 3386 2660 3468 nutriciis
2701 3385 3063 3464 dividentur

829 3510 893 3567 et
919 3497 1023 3568 die
1051 3499 1460 3571 anniversarii
1489 3500 1688 3572 nostri
1728 3503 1816 3571 xl⁸
1854 3501 2041 3572 solidi
2071 3501 2403 3572 canonicis
2446 3499 2741 3572 similiter
2771 3503 3068 3591 parcien-

829 3624 955 3695 tur,
1000 3626 1063 3683 et
1092 3611 1143 3682 si
1168 3628 1516 3706 proventus
1545 3613 1716 3687 dicte
1738 3615 1989 3686 decime
2025 3618 2172 3706 plus
2205 3614 2537 3697 valuerint,
2574 3615 2834 3685 nutricii
2867 3637 3071 3706 usque

832 3730 909 3798 ad
959 3751 1269 3798 sommam
1312 3731 1425 3798 xx²¹
1466 3731 1823 3801 solidorum
1867 3729 2153 3821 parcient
2193 3753 2267 3800 ex
2297 3730 2570 3813 eisdem,
2596 3732 2766 3820 quod
2796 3733 3071 3820 amplius

832 3842 1021 3914 suerit
1046 3842 1148 3912 die
1189 3842 1345 3912 dicti
1385 3843 1803 3915 anniversarii
1843 3846 2010 3916 inter
2040 3842 2386 3916 canonicos
2416 3842 2782 3915 dividendo.
2818 3843 2882 3914 Si
2921 3866 3071 3914 vero

834 3977 1175 4027 successor
1253 3971 1472 4028 noster
1523 3958 1999 4031 Aurelianensis
2064 3958 2412 4050 episcopus
2465 3957 2756 4045 voluerit,
2836 3956 3073 4029 dictam

834 4068 1151 4140 decimam
1193 4075 1427 4143 habere
1463 4075 1727 4164 poterit,
1759 4072 1963 4144 dictas
2011 4087 2274 4144 centum
2320 4073 2513 4145 libras
2553 4072 2725 4144 dicto
2792 4070 3072 4163 capitulo

835 4187 1287 4274 persolvendo,
1330 4188 1408 4256 de
1436 4185 1672 4277 quibus
1711 4190 1880 4258 idem
1923 4189 2273 4279 capitulum
2315 4187 2637 4261 tenebitur
2673 4191 2880 4258 facere
2941 4209 3075 4257 em·

836 4298 1147 4390 ptionem,
1190 4300 1375 4389 cujus
1423 4309 1776 4392 proventus
1840 4301 2309 4374 distribuentur
2376 4317 2564 4392 prout
2621 4303 2916 4394 superius
2972 4313 3074 4372 est

836 4436 1238 4506 expressum,
1282 4428 1347 4485 et
1370 4417 1581 4505 quoad
1613 4415 1954 4496 vixerimus
1983 4416 2331 4508 capitulum
2359 4431 2779 4488 memoratum
2832 4436 3074 4487 annua·

840 4530 955 4598 tim
998 4552 1110 4620 pro
1151 4527 1337 4599 nobis
1367 4529 1631 4600 missam
1671 4533 1754 4601 de
1793 4534 2028 4602 Sancto
2069 4529 2306 4623 Spiritu
2345 4544 2520 4603 certa
2553 4529 2656 4602 die
2698 4533 2840 4602 loco
2898 4529 3078 4601 anni-

838 4643 1097 4714 versarii
1158 4646 1533 4716 celebrabit.
1588 4647 1899 4717 Volumus
1956 4642 2148 4717 etiam
2212 4647 2384 4737 quod
2460 4667 2801 4717 successor
2856 4658 3078 4716 noster
