3485 5571
1434 685 1750 748 —51—

451 816 629 905 juste
667 828 733 885 et
774 813 1083 885 canonice
1114 812 1440 905 possides,
1480 828 1590 884 aut
1633 812 1695 883 in
1737 815 2018 883 futurum
2048 812 2471 885 concessione
2503 810 2712 905 ponti-

459 930 676 1008 ficum,
732 925 1071 1018 largitione
1134 950 1357 1019 regum
1411 930 1509 997 vel
1574 925 1959 1019 principum,
2017 926 2338 998 oblatione
2400 927 2709 1012 fidelium,

457 1063 577 1112 seu
603 1040 746 1111 aliis
778 1041 971 1131 justis
1010 1040 1219 1114 modis
1256 1045 1393 1113 Deo
1425 1040 1716 1134 propicio
1758 1040 1999 1133 poteris
2036 1040 2329 1134 adipisci,
2379 1044 2556 1112 firma
2597 1040 2709 1112 tibi

459 1158 719 1246 tuisque
756 1153 1247 1227 successoribus
1292 1168 1357 1226 et
1397 1153 1637 1227 illibata
1677 1169 2131 1246 permaneant;
2171 1154 2237 1224 in
2285 1153 2519 1245 quibus
2571 1159 2710 1226 haec

459 1268 736 1361 propriis
771 1266 1066 1340 duximus
1092 1269 1503 1359 exprimenda
1536 1268 1906 1340 vocabulis:
1948 1267 2266 1340 abbatiam
2285 1268 2490 1340 sancti
2530 1268 2711 1341 Maxi-

460 1383 643 1469 mini,
684 1385 1007 1454 abbatiam
1024 1382 1229 1455 sancti
1268 1382 1537 1469 Evulcii,
1565 1382 1883 1454 abbatiam
1909 1386 1989 1454 de
2012 1383 2477 1475 Balgrantiaco‚
2503 1386 2710 1455 eccle-

459 1495 623 1568 siam
665 1498 871 1570 sancti
898 1498 1142 1569 Lesardi
1182 1496 1660 1581 MaudunensiS,
1697 1496 2039 1568 ecclesiam
2080 1496 2285 1568 sancti
2321 1496 2547 1569 Verani
2578 1501 2712 1568 Jar-

459 1611 844 1702 gogilensis,
911 1610 1250 1683 ecclesiam
1292 1612 1497 1682 sancti
1550 1610 1803 1703 Georgii
1869 1610 2288 1698 Priverensis,
2368 1613 2709 1683 ecclesiam

458 1725 667 1796 sancti
712 1724 876 1797 Petri
912 1724 1216 1810 virorum,
1257 1724 1599 1797 ecclesiam
1641 1726 1848 1795 sancti
1893 1727 2057 1796 Petri
2085 1729 2462 1817 puellarum,
2497 1728 2709 1797 eccle-

458 1838 619 1910 siam
663 1839 868 1911 sancti
905 1839 1092 1924 Aviti,
1143 1839 1486 1912 ecclesiam
1534 1838 1738 1910 sancti
1786 1838 1948 1911 Petri
1979 1842 2457 1923 MaudunensiS,
2499 1844 2708 1912 eccle-

456 1953 621 2025 siam
662 1958 743 2026 de
779 1955 1214 2038 craventiaco,
1260 1954 1601 2026 ecclesiam
1630 1955 1711 2025 de
1760 1957 2053 2045 lngrana,
2098 1970 2380 2026 castrum
2441 1954 2706 2037 Piveris,

453 2086 741 2141 castrum
795 2071 1249 2152 maudunense,
1314 2083 1596 2140 castrum
1637 2067 2117 2160 Gargogilense,
2172 2072 2507 2161 Ingranam
2558 2091 2708 2140 cum

455 2180 866 2275 pertinentiis
929 2182 1092 2268 suis,
1160 2182 1483 2254 Marolium
1542 2206 1688 2254 cum
1731 2181 2132 2273 pertinentiis
2186 2183 2351 2268 suis,
2404 2182 2704 2254 Piverum

454 2312 643 2369 vetus
684 2320 834 2369 cum
893 2296 1297 2390 pertinentiis
1349 2296 1511 2381 suis,
1563 2296 1773 2367 villam
1815 2297 2086 2389 Strep'eti
2128 2320 2275 2368 cum
2306 2297 2707 2389 pertinentiis

451 2410 622 2495 suis,
684 2411 1000 2483 decimam
1077 2414 1157 2483 de
1195 2410 1605 2483 craventiaco
1660 2433 1811 2481 cum
1876 2410 2063 2496 atrio,
2134 2425 2366 2482 terram
2415 2410 2705 2503 episcopi

451 2524 932 2597 Aurelianensis
985 2550 1127 2617 quae
1194 2525 1577 2597 Martireium
1620 2541 1903 2608 vocatur,
1948 2528 2273 2597 teloneum
2323 2525 2701 2611 Aurelianis,

447 2640 799 2711 eeclesiam
840 2644 918 2712 de
959 2642 1235 2724 Soliaco,
1279 2639 1621 2712 ecclesiam
1657 2642 1737 2710 de
1773 2640 1926 2710 Rivo
1967 2640 2320 2726 morentini,
2365 2640 2705 2712 ecclesiam

450 2758 537 2826 de
564 2753 893 2826 Firmitate
930 2754 1162 2826 Ebrani
1210 2768 1277 2827 et
1315 2754 1661 2827 ecclesiam
1712 2756 1792 2827 de
1829 2754 2228 2840 Corneliaco,
2265 2767 2455 2846 atque
2498 2758 2705 2827 villam

446 2891 598 2959 quae
626 2872 875 2938 Rullum
910 2881 1191 2940 vocatur.
1239 2867 1662 2940 Decernimus
1687 2890 1840 2958 ergo
1882 2881 1950 2937 ut
1981 2867 2138 2938 nulli
2195 2870 2459 2939 omnino
2500 2869 2707 2940 homi-

447 3005 607 3052 num
657 2981 841 3054 liceat
897 2986 1221 3074 praelatam
1272 2980 1615 3053 ecclesiam
1680 2996 1922 3052 temere
1964 2983 2358 3071 perturbare,
2418 2996 2527 3052 aut
2565 2986 2703 3074 ejus

447 3095 906 3188 possessiones
935 3099 1211 3181 auferre,
1256 3119 1371 3168 seu
1400 3099 1643 3168 ablatas
1692 3095 1993 3180 retinere,
2058 3094 2371 3180 minuere,
2431 3100 2526 3168 vel
2592 3096 2705 3168 ali-

445 3212 690 3301 quibus
722 3208 1307 3301 perturbationibus
1366 3209 1671 3302 tatigare;
1711 3214 1825 3281 sed
1880 3209 2093 3281 omnia
2147 3210 2391 3301 integra
2445 3235 2705 3284 conser-

443 3339 681 3396 ventur
717 3347 966 3409 eorum,
998 3348 1111 3417 pro
1141 3348 1415 3416 quorum
1452 3325 1917 3416 gubernatione
1957 3347 2031 3396 ac
2058 3326 2528 3398 sustentatione
2550 3349 2703 3397 con·

438 3462 634 3512 cessa
670 3453 846 3523 sunt,
893 3439 1121 3510 usibus
1163 3438 1555 3510 omnimodis
1590 3443 1944 3530 profutura,
1990 3443 2161 3510 salva
2212 3438 2396 3511 Sedis
2437 3446 2705 3533 Aposto-

438 3555 592 3646 licae
628 3552 1026 3624 auctoritate.
1065 3554 1129 3624 Si
1159 3577 1282 3644 qua
1312 3552 1505 3644 igitur
1526 3567 1713 3626 etc...
1757 3565 1828 3626 ul
1875 3558 1948 3625 in
1981 3558 2310 3647 superiore
2343 3579 2539 3648 usque
2573 3559 2698 3626 ad:

437 3668 702 3741 cunctis
733 3681 947 3740 autem
988 3668 1198 3740 eidem
1240 3671 1383 3740 loco
1422 3673 1592 3761 justa
1634 3665 2036 3741 servantibus
2085 3684 2270 3744 etc...
2310 3683 2383 3742 ut
2421 3674 2488 3742 in
2518 3695 2703 3764 supe-

436 3789 644 3857 riore.

530 3932 582 3985 τ
630 3900 761 3989 Ego
798 3897 1151 3989 Eugenius,
1196 3898 1541 3970 Catholicae
1592 3902 1902 3972 Ecclesiae
1937 3901 2280 3994 episcopus
2320 3902 2697 3994 subscripsi.

530 4021 583 4100 -1-
636 4015 766 4103 Ego
810 4017 1107 4097 Ymarus,
1159 4017 1562 4085 Tusculanus
1602 4013 1952 4107 episcopus
2001 4040 2089 4087 ss.

531 4132 583 4210 -1-
633 4126 763 4214 Ego
800 4123 1169 4207 Nicbolaus,
1212 4127 1497 4197 Albanus
1539 4127 1888 4218 episcopus
1914 4151 2011 4201 ss.

535 4245 586 4324 ἦ·
637 4243 774 4328 Ego
817 4240 1165 4322 HnbalduS,
1210 4243 1540 4332 presbyter
1579 4244 1924 4312 cardinalis
1954 4246 2120 4312 tituli
2163 4266 2220 4315 s.
2268 4243 2563 4316 Praxedis
2605 4269 2695 4315 ss.

535 4359 586 4438 ἦ·
638 4354 764 4442 Ego
801 4355 1178 4438 Nicbolaus,·
1202 4357 1416 4443 presb.
1450 4357 1624 4425 card.
1652 4358 1751 4425 tit.
1785 4379 1839 4428 s,
1888 4358 2117 4428 Ciriaci
2146 4381 2236 4429 ss.

532 4472 584 4550 -1-
632 4468 758 4556 Ego
798 4469 1152 4551 Aribertus,
1189 4471 1399 4558 presb.
1445 4472 1619 4539 card.
1668 4474 1766 4539 tit.
1801 4494 1854 4539 3.
1897 4474 2248 4542 Anastasiae
2288 4496 2377 4544 ss.

537 4588 589 4666 †
635 4582 766 4671 Ego
804 4584 1034 4667 Julius,
1081 4585 1295 4673 presb.
1329 4586 1511 4654 card.
1543 4586 1643 4655 tit.
1679 4607 1733 4654 s,
1782 4589 2054 4656 Marcelli
2095 4610 2185 4658 ss,

540 4699 592 4780 ’ὶ-
636 4698 768 4785 Ego
806 4695 1018 4779 Wido,
1050 4701 1486 4789 presb.·card.
1521 4702 1619 4770 tit.
1667 4703 1949 4771 Pastoris
1981 4724 2073 4772 ss.
