3485 5571
1424 634 1742 695 -81-

462 764 696 834 Basoni
739 762 881 833 villa
919 778 1110 853 atque
1146 763 1381 833 Erbodi
1403 776 1430 807 ¹·
1492 760 1661 845 villa,
1720 783 1985 832 mansos
2023 764 2186 842 v111·,
2229 775 2293 831 et
2324 762 2391 829 in
2431 760 2708 833 circuitu

462 889 662 947 terras
701 873 1000 947 arabiles.
1055 878 1131 946 Et
1181 873 1244 945 in
1286 898 1450 966 pago
1499 876 1791 946 Dunensi
1850 878 2058 945 lnteot
2108 872 2473 944 Marivilla³
2536 897 2716 944 man-

461 1012 603 1059 sum
633 995 688 1060 I.
733 993 800 1059 ln
826 1012 987 1081 pago
1018 987 1365 1071 Senonico,
1408 989 1475 1058 in
1516 989 1663 1059 villa
1705 990 1997 1070 Fraxino,
2045 1011 2307 1058 mansos
2335 991 2464 1057 XV.
2502 991 2570 1057 ln
2608 989 2710 1057 vi-

464 1104 630 1173 caria
706 1101 1109 1187 Ornatrensi,
1169 1101 1234 1173 in
1279 1106 1422 1174 loco
1460 1103 1571 1193 qui
1630 1100 1870 1173 dicitur
1924 1104 2255 1184 Puteolus,
2296 1101 2638 1173 ecclesiam
2685 1106 2709 1172 1

466 1238 610 1286 cum
664 1215 842 1287 omni
875 1218 1026 1287 dote
1056 1218 1135 1286 ad
1175 1238 1315 1287 eam
1360 1216 1752 1306 pertinente,
1793 1227 1858 1285 et
1895 1217 1973 1283 111
2011 1235 2337 1305 arpennos
2377 1215 2457 1284 de
2497 1228 2720 1304 prato,

468 1343 531 1401 et
567 1329 981 1401 medietatem
1013 1328 1188 1402 terrii
1214 1341 1247 1386 ν
1283 1332 1455 1422 quod
1487 1328 1664 1400 dedit
1694 1330 2120 1399 Archemarus
2148 1326 2444 1401 ecclesiae
2468 1331 2719 1399 Sanctae

472 1444 723 1527 Crucis,
765 1457 829 1514 et
865 1466 972 1516 res
1009 1467 1156 1515 cum
1196 1442 1536 1535 mancipiis
1572 1465 1733 1534 quas
1769 1440 2130 1514 Deotimius
2169 1454 2233 1514 et
2272 1441 2493 1533 Agius,
2526 1464 2720 1514 vene-

469 1558 702 1629 rabiles
742 1556 1058 1649 episcopi,
1091 1554 1290 1629 etalii
1321 1559 1438 1628 Dei
1469 1558 1690 1628 fideles
1721 1554 1933 1628 eidem
1958 1557 2371 1627 contulerunt
2397 1556 2720 1627 ecclesiae.

472 1675 597 1744 Res
635 1672 827 1742 etiam
887 1694 1048 1762 quas
1078 1673 1343 1744 Karolus
1383 1673 1707 1762 quondam
1732 1683 2046 1761 augustus
2085 1668 2475 1761 praescriptae
2504 1667 2727 1740 reddi-

471 1788 567 1857 dit
598 1783 896 1857 ecclesiae
927 1808 1196 1876 quarum
1235 1788 1372 1857 haec
1447 1799 1594 1856 sunt
1652 1785 1914 1855 nomina
1951 1808 1967 1854 ε
2011 1781 2342 1867 Basilicas,
2405 1786 2725 1867 Ulmetus,

471 1899 912 1992 Perpetiacus,
957 1898 1368 1983 Gavenoilus,
1406 1898 1745 1982 LalliacuS,
1781 1900 2126 1970 Cadonnus
2158 1921 2305 1969 cum
2333 1897 2496 1969 villis
2529 1901 2609 1968 ad
2648 1921 2721 1970 se

470 2012 971 2105 pertinentibus,
1014 2036 1162 2085 cum
1210 2012 1353 2084 alins
1415 2010 1687 2096 Vienna,
1750 2011 2091 2103 Limogilo,
2144 2015 2487 2099 Buxerola,
2539 2011 2727 2084 Silvi-

472 2130 689 2213 niaco,
732 2150 881 2199 cum
921 2129 1115 2199 rebus
1151 2140 1216 2198 et
1263 2124 1603 2217 mancipiis
1633 2128 1711 2197 ad
1752 2128 2013 2197 easdem
2046 2124 2544 2218 pertinentibus,
2576 2148 2723 2197 nec·

472 2264 597 2312 non
662 2254 728 2312 et
778 2241 920 2311 villa
958 2242 1272 2323 Dendela‚
1322 2262 1514 2332 quam
1564 2239 1923 2311 Ludovicus
1968 2239 2184 2331 junior
2244 2242 2569 2330 quondam
2611 2262 2725 2331 per

477 2369 872 2447 praeceptum
913 2353 1217 2426 reddidit.
1260 2358 1387 2426 Res
1445 2367 1754 2445 praeterea
1803 2377 1964 2444 quas
2028 2356 2537 2425 Karolomannus
2574 2353 2725 2425 huic

477 2467 755 2540 reddidit
790 2466 1085 2540 ecclesiae
1123 2471 1223 2539 hae
1265 2482 1441 2539 sunt.
1485 2472 1553 2538 lu
1591 2490 1753 2560 pago
1806 2466 2085 2539 Biturico
2146 2467 2543 2538 Caltesium⁰
2593 2466 2727 2538 sive

479 2583 838 2666 pauliacus,
895 2585 1195 2654 Rofiacus
1241 2595 1303 2655 et
1353 2581 1819 2662 Germiniacus,
1893 2584 2197 2652 Burbra⁶
2255 2596 2319 2652 et
2375 2584 2716 2653 Puteolus.

475 2700 545 2768 ln
606 2721 771 2790 pago
831 2697 1088 2769 Neversi
1144 2699 1510 2768 Marsiacus.
1571 2700 1735 2767 Sunt
1780 2710 2084 2788 praeterea
2151 2698 2445 2787 quaedam
2499 2718 2605 2767 res
2663 2694 2727 2766 in

481 2836 640 2905 pago
681 2813 1150 2896 Aurelianensi,
1192 2812 1470 2883 diversis
1533 2810 1596 2881 in
1656 2810 1815 2882 locis
1858 2809 2110 2902 positae,
2182 2833 2342 2902 quas
2382 2814 2728 2882 Rotbertus

480 2949 585 2998 rex
649 2928 929 3018 praelatae
959 2923 1238 2997 reddidit
1273 2924 1591 3012 ecclesiae,
1629 2928 1753 2996 hoc
1800 2939 1896 2996 est
1932 2949 1947 2994 :
1993 2926 2059 2994 in
2098 2923 2242 2995 villa
2281 2948 2424 3015 quae
2464 2937 2729 2996 vocatur

482 3039 821 3132 Clepiacus
858 3062 1121 3111 mansos
1180 3043 1257 3123 V,
1300 3051 1364 3111 et
1418 3037 1481 3109 in
1553 3039 1698 3109 villa
1758 3036 2074 3130 Triganou
2117 3038 2601 3130 pertinentemd
2646 3040 2727 3110 ad

480 3157 821 3227 eamdem⁶
859 3153 1069 3225 villam
1133 3151 1525 3245 Clepiacum,
1590 3155 1901 3244 capellam
1954 3154 2002 3236 Ι,
2063 3174 2357 3223 mansum
2407 3157 2461 3237 1,
2502 3151 2727 3224 uncias

481 3272 553 3352 V,
595 3282 659 3340 et
680 3267 746 3338 in
788 3268 1096 3359 praedicto
1138 3269 1435 3358 Clepiaco
1475 3267 1752 3360 unc[ias]
1796 3269 1901 3336 111.
1935 3270 2002 3336 lu
2041 3267 2374 3353 Mardiaco,
2409 3266 2730 3338 ecclesia!

482 3386 529 3453 1.
586 3387 654 3453 ln
719 3385 986 3464 Arunto,
1052 3380 1351 3473 unc[iam]
1407 3385 1479 3463 l;
1545 3379 1606 3450 in
1659 3379 1962 3463 Buciaco,
2034 3394 2290 3470 quartas
2343 3383 2418 3450 ΙΙ.
2478 3384 2546 3450 ln
2581 3385 2728 3452 Bar·

485 3497 707 3568 beroni
750 3497 893 3565 villa
931 3508 1219 3586 quartam
1247 3498 1296 3564 1.
1336 3497 1404 3564 ln
1446 3493 1648 3566 brolio
1688 3493 2032 3576 Monbleni,
2086 3508 2372 3584 quartam
2415 3497 2465 3564 1.
2499 3498 2568 3564 ln
2610 3498 2727 3565 Ca-

485 3608 766 3692 noticov,
818 3607 1126 3700 unc[iam]
1186 3612 1234 3678 1.
1304 3610 1374 3676 1n
1429 3605 1800 3678 Domiciaco
1842 3622 2129 3697 quartam
2170 3610 2320 3677 l.1n
2351 3610 2503 3678 Abel
2548 3631 2727 3679 man-

484 3745 591 3794 sos
641 3725 695 3793 V
732 3723 956 3792 absos.
1018 3725 1088 3791 ln
1152 3718 1486 3811 Sigilariis,
1544 3743 1838 3791 mansum
1899 3723 2215 3791 labsum.
2281 3722 2353 3790 ln
2408 3720 2725 3812 Gaugiaco

486 3834 821 3906 dimidiam
898 3833 1241 3907 ecclesiam
1354 3856 1548 3925 super
1642 3834 1904 3905 fluvium
1992 3833 2272 3905 Bonoiae.
2357 3837 2427 3903 ln
2481 3839 2488 3848 '
2525 3837 2728 3906 Bocas

489 3946 883 4030 mansiones,
991 3969 1287 4017 mansum
1385 3949 1409 4016 1
1484 3971 1501 4031 ;
1617 3945 1681 4016 in
1789 3945 2114 4030 Lauriaco,
2239 3945 2581 4018 ecclesiam
2675 3950 2725 4029 1,

492 4083 752 4133 mansos
790 4063 866 4133 Vl
898 4083 919 4145 3
961 4059 1024 4129 in
1065 4057 1424 4131 Sutriniaco
1449 4062 1508 4145 ¹⁸,
1564 4082 1859 4132 mausum
1899 4063 1924 4130 1
1990 4082 2139 4131 cum
2177 4058 2482 4146 ecclesia,
2536 4074 2600 4131 et
2639 4058 2733 4131 in·

493 4185 587 4242 ter
646 4170 942 4263 Ligerum
1006 4186 1072 4243 et
1134 4171 1480 4263 Ligeritum
1577 4196 1689 4264 per
1753 4171 2273 4264 deprecationem
2339 4173 2656 4245 Lamberti
2685 4175 2727 4255 i,

2625 4372 2736 4382 ..—

558 4484 811 4537 XXXIX.
842 4510 904 4523 —
928 4499 981 4536 υ.
1018 4484 1278 4535 Herbodi.
1325 4509 1386 4524 -
1422 4499 1485 4536 ω.
1532 4485 1597 4535 ln
1640 4486 1908 4538 Teotmari
1941 4487 2094 4540 villa.
2149 4515 2206 4526 -
2254 4502 2313 4552 y.
2363 4487 2645 4538 territorii.
2680 4514 2742 4527 —

499 4580 559 4617 α.
598 4564 889 4618 Caltecius.
921 4593 984 4602 —
1017 4564 1071 4616 b.
1106 4564 1363 4617 Burbret.
1391 4593 1449 4603 —
1482 4567 1539 4617 d.
1570 4565 1892 4632 pertinente.
1922 4584 2058 4618 -ε,
2102 4567 2352 4620 eandem.
2381 4594 2446 4608 —
2480 4568 2526 4634 Ῑ.
2573 4568 2746 4620 eccle-

500 4645 657 4697 siam.
687 4672 749 4683 —
768 4661 829 4711 9.
860 4644 1105 4698 Canolio.
1137 4671 1199 4684 —
1218 4646 1277 4697 Ιι.
1313 4645 1673 4699 Sustriniaco.
1705 4672 1770 4689 -
1799 4648 1841 4700 ι’.
1872 4647 2149 4702 Laoborti.

642 4765 793 4820 nau.
835 4777 969 4818 xxx.
2569 4765 2605 4821 6
