<?xml version="1.0" encoding="UTF-8"?>
<!DOCTYPE html PUBLIC "-//W3C//DTD XHTML 1.0 Transitional//EN"
    "http://www.w3.org/TR/xhtml1/DTD/xhtml1-transitional.dtd">
<html xmlns="http://www.w3.org/1999/xhtml" xml:lang="en" lang="en">
 <head>
  <title>
</title>
<meta http-equiv="Content-Type" content="text/html;charset=utf-8" />
  <meta name='ocr-system' content='tesseract 3.04.00' />
  <meta name='ocr-capabilities' content='ocr_page ocr_carea ocr_par ocr_line ocrx_word'/>
</head>
<body>
  <div class='ocr_page' id='page_1' title='image "./cartulairedesai00thilgoog_0441.png"; bbox 0 0 3485 5571; ppageno 0'>
   <div class='ocr_carea' id='block_1_1' title="bbox 1387 668 1740 740">
    <p class='ocr_par' dir='ltr' id='par_1_1' title="bbox 1387 668 1740 740">
     <span class='ocr_line' id='line_1_1' title="bbox 1387 668 1740 740; baseline -0.003 -16"><span class='ocrx_word' id='word_1_1' title='bbox 1387 668 1473 724; x_wconf 80' lang='lat'><strong>-.·</strong></span> <span class='ocrx_word' id='word_1_2' title='bbox 1506 676 1621 740; x_wconf 71' lang='lat'><strong>261</strong></span> <span class='ocrx_word' id='word_1_3' title='bbox 1675 708 1740 723; x_wconf 84' lang='grc'><strong>.-</strong></span> 
     </span>
    </p>
   </div>
   <div class='ocr_carea' id='block_1_2' title="bbox 1433 1053 1723 1117">
    <p class='ocr_par' dir='ltr' id='par_1_2' title="bbox 1433 1053 1723 1117">
     <span class='ocr_line' id='line_1_2' title="bbox 1433 1053 1723 1117; baseline -0.003 0"><span class='ocrx_word' id='word_1_4' title='bbox 1433 1053 1723 1117; x_wconf 83' lang='lat' dir='ltr'>CLXXIII</span> 
     </span>
    </p>
   </div>
   <div class='ocr_carea' id='block_1_3' title="bbox 956 1361 2188 1445">
    <p class='ocr_par' dir='ltr' id='par_1_3' title="bbox 956 1361 2188 1445">
     <span class='ocr_line' id='line_1_3' title="bbox 956 1361 2188 1445; baseline 0.002 -20"><span class='ocrx_word' id='word_1_5' title='bbox 956 1364 1217 1436; x_wconf 84' lang='lat' dir='ltr'><strong>Latran,</strong></span> <span class='ocrx_word' id='word_1_6' title='bbox 1247 1362 1287 1427; x_wconf 83' lang='lat'>6</span> <span class='ocrx_word' id='word_1_7' title='bbox 1315 1378 1495 1426; x_wconf 87' lang='lat' dir='ltr'><strong>mars</strong></span> <span class='ocrx_word' id='word_1_8' title='bbox 1528 1361 1590 1444; x_wconf 73' lang='lat'><strong>(2</strong></span> <span class='ocrx_word' id='word_1_9' title='bbox 1615 1362 1734 1427; x_wconf 89' lang='lat' dir='ltr'><strong>des</strong></span> <span class='ocrx_word' id='word_1_10' title='bbox 1763 1362 2000 1445; x_wconf 89' lang='lat' dir='ltr'><strong>nones)</strong></span> <span class='ocrx_word' id='word_1_11' title='bbox 2031 1362 2188 1428; x_wconf 77' lang='lat'><strong>1218</strong></span> 
     </span>
    </p>
   </div>
   <div class='ocr_carea' id='block_1_4' title="bbox 430 1616 2698 1771">
    <p class='ocr_par' dir='ltr' id='par_1_4' title="bbox 430 1616 2698 1771">
     <span class='ocr_line' id='line_1_4' title="bbox 430 1616 2698 1690; baseline 0.002 -16"><span class='ocrx_word' id='word_1_12' title='bbox 430 1616 860 1675; x_wconf 82' lang='lat' dir='ltr'><strong>Confirmation</strong></span> <span class='ocrx_word' id='word_1_13' title='bbox 887 1634 988 1689; x_wconf 85' lang='lat' dir='ltr'><strong>par</strong></span> <span class='ocrx_word' id='word_1_14' title='bbox 1015 1618 1066 1674; x_wconf 91' lang='lat' dir='ltr'><strong>le</strong></span> <span class='ocrx_word' id='word_1_15' title='bbox 1094 1633 1238 1690; x_wconf 82' lang='lat' dir='ltr'><strong>pepe</strong></span> <span class='ocrx_word' id='word_1_16' title='bbox 1267 1618 1549 1673; x_wconf 80' lang='lat' dir='ltr'><strong>Honorius</strong></span> <span class='ocrx_word' id='word_1_17' title='bbox 1577 1616 1655 1673; x_wconf 92' lang='lat'><strong>111</strong></span> <span class='ocrx_word' id='word_1_18' title='bbox 1681 1618 1759 1673; x_wconf 89' lang='lat' dir='ltr'><strong>du</strong></span> <span class='ocrx_word' id='word_1_19' title='bbox 1786 1617 2096 1690; x_wconf 72' lang='lat' dir='ltr'><strong>reglement</strong></span> <span class='ocrx_word' id='word_1_20' title='bbox 2125 1620 2196 1676; x_wconf 88' lang='lat' dir='ltr'><strong>de</strong></span> <span class='ocrx_word' id='word_1_21' title='bbox 2223 1619 2482 1677; x_wconf 68' lang='lat' dir='ltr'><strong>Manasse</strong></span> <span class='ocrx_word' id='word_1_22' title='bbox 2510 1622 2698 1678; x_wconf 65' lang='lat' dir='ltr'><strong>relati!</strong></span> 
     </span>
     <span class='ocr_line' id='line_1_5' title="bbox 1296 1713 1827 1771; baseline 0.004 -2"><span class='ocrx_word' id='word_1_23' title='bbox 1296 1730 1369 1769; x_wconf 83' lang='lat' dir='ltr'><strong>au</strong></span> <span class='ocrx_word' id='word_1_24' title='bbox 1397 1713 1827 1771; x_wconf 66' lang='lat' dir='ltr'><strong>sous-decanat.</strong></span> 
     </span>
    </p>
   </div>
   <div class='ocr_carea' id='block_1_5' title="bbox 732 1858 2386 2027">
    <p class='ocr_par' dir='ltr' id='par_1_5' title="bbox 732 1858 2386 2027">
     <span class='ocr_line' id='line_1_6' title="bbox 732 1858 2386 1931; baseline 0.002 -15"><span class='ocrx_word' id='word_1_25' title='bbox 732 1859 911 1930; x_wconf 78' lang='lat' dir='ltr'><strong>(Orig.</strong></span> <span class='ocrx_word' id='word_1_26' title='bbox 940 1876 1039 1915; x_wconf 87' lang='lat' dir='ltr'><strong>sur</strong></span> <span class='ocrx_word' id='word_1_27' title='bbox 1066 1859 1258 1931; x_wconf 76' lang='lat' dir='ltr'><strong>perch.</strong></span> <span class='ocrx_word' id='word_1_28' title='bbox 1316 1858 1488 1917; x_wconf 87' lang='lat' dir='ltr'><strong>Arch.</strong></span> <span class='ocrx_word' id='word_1_29' title='bbox 1510 1858 1587 1914; x_wconf 85' lang='lat' dir='ltr'><strong>du</strong></span> <span class='ocrx_word' id='word_1_30' title='bbox 1618 1858 1805 1914; x_wconf 87' lang='lat' dir='ltr'><strong>Loiret</strong></span> <span class='ocrx_word' id='word_1_31' title='bbox 1842 1858 1910 1916; x_wconf 77' lang='lat' dir='ltr'><strong>G.</strong></span> <span class='ocrx_word' id='word_1_32' title='bbox 1938 1858 2046 1916; x_wconf 77' lang='lat'><strong>168</strong></span> <span class='ocrx_word' id='word_1_33' title='bbox 2065 1866 2123 1918; x_wconf 86' lang='lat' dir='ltr'><strong>et</strong></span> <span class='ocrx_word' id='word_1_34' title='bbox 2145 1861 2214 1919; x_wconf 91' lang='lat' dir='ltr'><strong>G.</strong></span> <span class='ocrx_word' id='word_1_35' title='bbox 2234 1861 2343 1918; x_wconf 76' lang='lat'><strong>440</strong></span> <span class='ocrx_word' id='word_1_36' title='bbox 2370 1879 2386 1931; x_wconf 92' lang='lat'>;</span> 
     </span>
     <span class='ocr_line' id='line_1_7' title="bbox 1262 1952 1880 2027; baseline 0.003 -17"><span class='ocrx_word' id='word_1_37' title='bbox 1262 1955 1516 2011; x_wconf 78' lang='lat' dir='ltr'><strong>mention</strong></span> <span class='ocrx_word' id='word_1_38' title='bbox 1536 1952 1880 2027; x_wconf 73' lang='lat' dir='ltr'><strong><em>Scriptum).</em></strong></span> 
     </span>
    </p>
   </div>
   <div class='ocr_carea' id='block_1_6' title="bbox 427 2167 2701 4767">
    <p class='ocr_par' dir='ltr' id='par_1_6' title="bbox 427 2167 2701 3742">
     <span class='ocr_line' id='line_1_8' title="bbox 524 2167 2690 2262; baseline -0.001 -19"><span class='ocrx_word' id='word_1_39' title='bbox 524 2170 851 2243; x_wconf 88' lang='lat' dir='ltr'><strong>Honorius</strong></span> <span class='ocrx_word' id='word_1_40' title='bbox 889 2170 1265 2262; x_wconf 66' lang='lat' dir='ltr'><strong>episcopm,</strong></span> <span class='ocrx_word' id='word_1_41' title='bbox 1308 2192 1535 2242; x_wconf 88' lang='lat' dir='ltr'><strong>servus</strong></span> <span class='ocrx_word' id='word_1_42' title='bbox 1575 2192 1909 2242; x_wconf 86' lang='lat' dir='ltr'><strong>servorum</strong></span> <span class='ocrx_word' id='word_1_43' title='bbox 1947 2167 2088 2255; x_wconf 89' lang='lat' dir='ltr'><strong>Dei,</strong></span> <span class='ocrx_word' id='word_1_44' title='bbox 2120 2167 2372 2240; x_wconf 91' lang='lat' dir='ltr'><strong>dilectis</strong></span> <span class='ocrx_word' id='word_1_45' title='bbox 2413 2167 2558 2239; x_wconf 85' lang='lat' dir='ltr'><strong>filiis</strong></span> <span class='ocrx_word' id='word_1_46' title='bbox 2580 2170 2690 2241; x_wconf 88' lang='lat' dir='ltr'><strong>de-</strong></span> 
     </span>
     <span class='ocr_line' id='line_1_9' title="bbox 428 2281 2700 2376; baseline 0 -22"><span class='ocrx_word' id='word_1_47' title='bbox 428 2309 608 2357; x_wconf 85' lang='lat' dir='ltr'><strong>cano</strong></span> <span class='ocrx_word' id='word_1_48' title='bbox 644 2300 708 2357; x_wconf 88' lang='lat' dir='ltr'><strong>et</strong></span> <span class='ocrx_word' id='word_1_49' title='bbox 745 2287 1025 2376; x_wconf 87' lang='lat' dir='ltr'><strong>capitulo</strong></span> <span class='ocrx_word' id='word_1_50' title='bbox 1051 2283 1494 2357; x_wconf 84' lang='lat' dir='ltr'><strong>Aurelianensi</strong></span> <span class='ocrx_word' id='word_1_51' title='bbox 1538 2286 1809 2356; x_wconf 89' lang='lat' dir='ltr'><strong>salutem</strong></span> <span class='ocrx_word' id='word_1_52' title='bbox 1841 2296 1905 2354; x_wconf 90' lang='lat' dir='ltr'><strong>et</strong></span> <span class='ocrx_word' id='word_1_53' title='bbox 1942 2281 2359 2374; x_wconf 88' lang='lat' dir='ltr'><strong>apostolicam</strong></span> <span class='ocrx_word' id='word_1_54' title='bbox 2391 2284 2700 2355; x_wconf 88' lang='lat' dir='ltr'><strong>benedic-</strong></span> 
     </span>
     <span class='ocr_line' id='line_1_10' title="bbox 427 2396 2695 2470; baseline 0 -2"><span class='ocrx_word' id='word_1_55' title='bbox 427 2398 713 2470; x_wconf 78' lang='lat' dir='ltr'><strong>tionem.</strong></span> <span class='ocrx_word' id='word_1_56' title='bbox 799 2402 1216 2470; x_wconf 84' lang='lat' dir='ltr'><strong>Sacrosancta</strong></span> <span class='ocrx_word' id='word_1_57' title='bbox 1273 2403 1553 2470; x_wconf 86' lang='lat' dir='ltr'><strong>Romana</strong></span> <span class='ocrx_word' id='word_1_58' title='bbox 1606 2396 1894 2469; x_wconf 82' lang='lat' dir='ltr'><strong>Ecclesia</strong></span> <span class='ocrx_word' id='word_1_59' title='bbox 1948 2399 2215 2468; x_wconf 86' lang='lat' dir='ltr'><strong>devotos</strong></span> <span class='ocrx_word' id='word_1_60' title='bbox 2278 2410 2343 2468; x_wconf 87' lang='lat' dir='ltr'><strong>et</strong></span> <span class='ocrx_word' id='word_1_61' title='bbox 2410 2398 2695 2469; x_wconf 90' lang='lat' dir='ltr'><strong>humiles</strong></span> 
     </span>
     <span class='ocr_line' id='line_1_11' title="bbox 431 2510 2696 2605; baseline 0 -23"><span class='ocrx_word' id='word_1_62' title='bbox 431 2517 615 2585; x_wconf 81' lang='lat' dir='ltr'><strong>tilios</strong></span> <span class='ocrx_word' id='word_1_63' title='bbox 647 2535 722 2585; x_wconf 84' lang='lat' dir='ltr'><strong>ex</strong></span> <span class='ocrx_word' id='word_1_64' title='bbox 758 2527 1014 2585; x_wconf 86' lang='lat' dir='ltr'><strong>assuete</strong></span> <span class='ocrx_word' id='word_1_65' title='bbox 1059 2513 1315 2605; x_wconf 86' lang='lat' dir='ltr'><strong>pietatis</strong></span> <span class='ocrx_word' id='word_1_66' title='bbox 1346 2516 1562 2585; x_wconf 86' lang='lat' dir='ltr'><strong>officio</strong></span> <span class='ocrx_word' id='word_1_67' title='bbox 1608 2510 1995 2604; x_wconf 81' lang='lat' dir='ltr'><strong>propensius</strong></span> <span class='ocrx_word' id='word_1_68' title='bbox 2030 2510 2295 2602; x_wconf 82' lang='lat' dir='ltr'><strong>diligere</strong></span> <span class='ocrx_word' id='word_1_69' title='bbox 2360 2510 2696 2583; x_wconf 90' lang='lat' dir='ltr'><strong>consuevit</strong></span> 
     </span>
     <span class='ocr_line' id='line_1_12' title="bbox 430 2625 2694 2720; baseline -0.001 -20"><span class='ocrx_word' id='word_1_70' title='bbox 430 2642 498 2700; x_wconf 89' lang='lat' dir='ltr'><strong>et</strong></span> <span class='ocrx_word' id='word_1_71' title='bbox 541 2650 630 2699; x_wconf 89' lang='lat' dir='ltr'><strong>ne</strong></span> <span class='ocrx_word' id='word_1_72' title='bbox 669 2650 1008 2720; x_wconf 87' lang='lat' dir='ltr'><strong>pravorum</strong></span> <span class='ocrx_word' id='word_1_73' title='bbox 1066 2626 1400 2698; x_wconf 88' lang='lat' dir='ltr'><strong>bominum</strong></span> <span class='ocrx_word' id='word_1_74' title='bbox 1433 2625 1751 2699; x_wconf 89' lang='lat' dir='ltr'><strong>molestiis</strong></span> <span class='ocrx_word' id='word_1_75' title='bbox 1810 2626 2153 2717; x_wconf 80' lang='lat' dir='ltr'><strong>agitentur,</strong></span> <span class='ocrx_word' id='word_1_76' title='bbox 2206 2647 2321 2696; x_wconf 90' lang='lat' dir='ltr'><strong>eos</strong></span> <span class='ocrx_word' id='word_1_77' title='bbox 2372 2639 2694 2716; x_wconf 80' lang='lat' dir='ltr'><strong>tamquam</strong></span> 
     </span>
     <span class='ocr_line' id='line_1_13' title="bbox 431 2739 2694 2836; baseline 0 -24"><span class='ocrx_word' id='word_1_78' title='bbox 431 2741 540 2836; x_wconf 87' lang='lat' dir='ltr'><strong>pia</strong></span> <span class='ocrx_word' id='word_1_79' title='bbox 603 2755 809 2814; x_wconf 91' lang='lat' dir='ltr'><strong>mater</strong></span> <span class='ocrx_word' id='word_1_80' title='bbox 864 2763 980 2813; x_wconf 85' lang='lat' dir='ltr'><strong>sue</strong></span> <span class='ocrx_word' id='word_1_81' title='bbox 1041 2739 1457 2833; x_wconf 87' lang='lat' dir='ltr'><strong>protectionis</strong></span> <span class='ocrx_word' id='word_1_82' title='bbox 1502 2739 1856 2812; x_wconf 89' lang='lat' dir='ltr'><strong>munimine</strong></span> <span class='ocrx_word' id='word_1_83' title='bbox 1906 2740 2274 2814; x_wconf 84' lang='lat' dir='ltr'><strong>confovere.</strong></span> <span class='ocrx_word' id='word_1_84' title='bbox 2316 2743 2694 2832; x_wconf 87' lang='lat' dir='ltr'><strong>Eapropter‚</strong></span> 
     </span>
     <span class='ocr_line' id='line_1_14' title="bbox 435 2853 2693 2946; baseline 0.001 -20"><span class='ocrx_word' id='word_1_85' title='bbox 435 2855 665 2928; x_wconf 84' lang='lat' dir='ltr'><strong>dilecti</strong></span> <span class='ocrx_word' id='word_1_86' title='bbox 729 2861 796 2926; x_wconf 91' lang='lat' dir='ltr'><strong>in</strong></span> <span class='ocrx_word' id='word_1_87' title='bbox 853 2854 1129 2927; x_wconf 90' lang='lat' dir='ltr'><strong>Domino</strong></span> <span class='ocrx_word' id='word_1_88' title='bbox 1180 2854 1318 2940; x_wconf 84' lang='lat' dir='ltr'><strong>filii,</strong></span> <span class='ocrx_word' id='word_1_89' title='bbox 1386 2854 1612 2926; x_wconf 87' lang='lat' dir='ltr'><strong>vestris</strong></span> <span class='ocrx_word' id='word_1_90' title='bbox 1664 2853 1858 2946; x_wconf 85' lang='lat' dir='ltr'><strong>justis</strong></span> <span class='ocrx_word' id='word_1_91' title='bbox 1907 2856 2455 2946; x_wconf 74' lang='lat' dir='ltr'><strong>postulationibus</strong></span> <span class='ocrx_word' id='word_1_92' title='bbox 2513 2869 2693 2946; x_wconf 83' lang='lat' dir='ltr'><strong>grato</strong></span> 
     </span>
     <span class='ocr_line' id='line_1_15' title="bbox 435 2968 2698 3059; baseline 0 -18"><span class='ocrx_word' id='word_1_93' title='bbox 435 2986 911 3043; x_wconf 81' lang='lat' dir='ltr'><strong>concurrentes</strong></span> <span class='ocrx_word' id='word_1_94' title='bbox 945 2992 1245 3052; x_wconf 88' lang='lat' dir='ltr'><strong>assensu,</strong></span> <span class='ocrx_word' id='word_1_95' title='bbox 1278 2968 1749 3040; x_wconf 80' lang='lat' dir='ltr'><strong>ordinationem</strong></span> <span class='ocrx_word' id='word_1_96' title='bbox 1789 2991 1984 3059; x_wconf 87' lang='lat' dir='ltr'><strong>super</strong></span> <span class='ocrx_word' id='word_1_97' title='bbox 2023 2971 2461 3041; x_wconf 85' lang='lat' dir='ltr'><strong>subdecanatu</strong></span> <span class='ocrx_word' id='word_1_98' title='bbox 2488 2973 2698 3042; x_wconf 92' lang='lat' dir='ltr'><strong>eccle-</strong></span> 
     </span>
     <span class='ocr_line' id='line_1_16' title="bbox 438 3081 2698 3167; baseline -0 -12"><span class='ocrx_word' id='word_1_99' title='bbox 438 3084 536 3156; x_wconf 88' lang='lat' dir='ltr'><strong>sie</strong></span> <span class='ocrx_word' id='word_1_100' title='bbox 587 3098 802 3155; x_wconf 84' lang='lat' dir='ltr'><strong>vestre</strong></span> <span class='ocrx_word' id='word_1_101' title='bbox 855 3108 889 3155; x_wconf 90' lang='lat' dir='ltr'><strong>a</strong></span> <span class='ocrx_word' id='word_1_102' title='bbox 947 3081 1288 3155; x_wconf 83' lang='lat' dir='ltr'><strong>venerabili</strong></span> <span class='ocrx_word' id='word_1_103' title='bbox 1344 3085 1533 3153; x_wconf 76' lang='lat' dir='ltr'><strong>tratre</strong></span> <span class='ocrx_word' id='word_1_104' title='bbox 1597 3096 1818 3153; x_wconf 88' lang='lat' dir='ltr'><strong>nostro</strong></span> <span class='ocrx_word' id='word_1_105' title='bbox 1888 3086 2201 3167; x_wconf 83' lang='lat' dir='ltr'><strong>Manasse,</strong></span> <span class='ocrx_word' id='word_1_106' title='bbox 2259 3081 2698 3156; x_wconf 73' lang='lat' dir='ltr'><strong>Aurelianensi</strong></span> 
     </span>
     <span class='ocr_line' id='line_1_17' title="bbox 436 3193 2701 3289; baseline 0.001 -21"><span class='ocrx_word' id='word_1_107' title='bbox 436 3199 781 3289; x_wconf 88' lang='lat' dir='ltr'><strong>episcopo,</strong></span> <span class='ocrx_word' id='word_1_108' title='bbox 861 3196 1120 3289; x_wconf 82' lang='lat' dir='ltr'><strong>provide</strong></span> <span class='ocrx_word' id='word_1_109' title='bbox 1183 3200 1440 3279; x_wconf 89' lang='lat' dir='ltr'><strong>factam,</strong></span> <span class='ocrx_word' id='word_1_110' title='bbox 1483 3193 1650 3268; x_wconf 87' lang='lat' dir='ltr'><strong>sicut</strong></span> <span class='ocrx_word' id='word_1_111' title='bbox 1701 3194 1767 3266; x_wconf 91' lang='lat' dir='ltr'><strong>in</strong></span> <span class='ocrx_word' id='word_1_112' title='bbox 1808 3198 1952 3288; x_wconf 85' lang='lat' dir='ltr'><strong>ejus</strong></span> <span class='ocrx_word' id='word_1_113' title='bbox 1989 3194 2217 3268; x_wconf 86' lang='lat' dir='ltr'><strong>litteris</strong></span> <span class='ocrx_word' id='word_1_114' title='bbox 2256 3197 2701 3289; x_wconf 83' lang='lat' dir='ltr'><strong>perspeximus</strong></span> 
     </span>
     <span class='ocr_line' id='line_1_18' title="bbox 439 3309 2700 3403; baseline 0.001 -22"><span class='ocrx_word' id='word_1_115' title='bbox 439 3311 792 3394; x_wconf 80' lang='lat' dir='ltr'><strong>contineri,</strong></span> <span class='ocrx_word' id='word_1_116' title='bbox 860 3310 1236 3382; x_wconf 84' lang='lat' dir='ltr'><strong>auctoritate</strong></span> <span class='ocrx_word' id='word_1_117' title='bbox 1296 3309 1647 3400; x_wconf 86' lang='lat' dir='ltr'><strong>apostolica</strong></span> <span class='ocrx_word' id='word_1_118' title='bbox 1723 3312 2180 3381; x_wconf 84' lang='lat' dir='ltr'><strong>confirmamus</strong></span> <span class='ocrx_word' id='word_1_119' title='bbox 2254 3325 2319 3382; x_wconf 86' lang='lat' dir='ltr'><strong>et</strong></span> <span class='ocrx_word' id='word_1_120' title='bbox 2378 3314 2700 3403; x_wconf 89' lang='lat' dir='ltr'><strong>presentis</strong></span> 
     </span>
     <span class='ocr_line' id='line_1_19' title="bbox 442 3423 2701 3517; baseline 0 -21"><span class='ocrx_word' id='word_1_121' title='bbox 442 3426 667 3516; x_wconf 88' lang='lat' dir='ltr'><strong>scripti</strong></span> <span class='ocrx_word' id='word_1_122' title='bbox 710 3424 1064 3516; x_wconf 85' lang='lat' dir='ltr'><strong>patrocinio</strong></span> <span class='ocrx_word' id='word_1_123' title='bbox 1095 3423 1595 3509; x_wconf 88' lang='lat' dir='ltr'><strong>communimus,</strong></span> <span class='ocrx_word' id='word_1_124' title='bbox 1630 3438 1920 3495; x_wconf 88' lang='lat' dir='ltr'><strong>tenorem</strong></span> <span class='ocrx_word' id='word_1_125' title='bbox 1944 3427 2127 3515; x_wconf 84' lang='lat' dir='ltr'><strong>cujus</strong></span> <span class='ocrx_word' id='word_1_126' title='bbox 2156 3427 2232 3494; x_wconf 87' lang='lat' dir='ltr'><strong>ad</strong></span> <span class='ocrx_word' id='word_1_127' title='bbox 2259 3427 2567 3517; x_wconf 86' lang='lat' dir='ltr'><strong>majorem</strong></span> <span class='ocrx_word' id='word_1_128' title='bbox 2597 3428 2701 3496; x_wconf 86' lang='lat' dir='ltr'><strong>fir-</strong></span> 
     </span>
     <span class='ocr_line' id='line_1_20' title="bbox 441 3536 2700 3627; baseline 0.001 -19"><span class='ocrx_word' id='word_1_129' title='bbox 441 3538 734 3612; x_wconf 85' lang='lat' dir='ltr'><strong>mitatem</strong></span> <span class='ocrx_word' id='word_1_130' title='bbox 777 3541 856 3610; x_wconf 90' lang='lat' dir='ltr'><strong>de</strong></span> <span class='ocrx_word' id='word_1_131' title='bbox 894 3542 1086 3610; x_wconf 91' lang='lat' dir='ltr'><strong>verbo</strong></span> <span class='ocrx_word' id='word_1_132' title='bbox 1137 3539 1217 3609; x_wconf 88' lang='lat' dir='ltr'><strong>ad</strong></span> <span class='ocrx_word' id='word_1_133' title='bbox 1275 3541 1538 3609; x_wconf 86' lang='lat' dir='ltr'><strong>verbum</strong></span> <span class='ocrx_word' id='word_1_134' title='bbox 1579 3536 1990 3627; x_wconf 87' lang='lat' dir='ltr'><strong>presentibus</strong></span> <span class='ocrx_word' id='word_1_135' title='bbox 2050 3538 2347 3610; x_wconf 88' lang='lat' dir='ltr'><strong>duximus</strong></span> <span class='ocrx_word' id='word_1_136' title='bbox 2408 3539 2700 3611; x_wconf 89' lang='lat' dir='ltr'><strong>inseren-</strong></span> 
     </span>
     <span class='ocr_line' id='line_1_21' title="bbox 441 3650 1137 3742; baseline 0 -22"><span class='ocrx_word' id='word_1_137' title='bbox 441 3653 629 3738; x_wconf 89' lang='lat' dir='ltr'><strong>dum,</strong></span> <span class='ocrx_word' id='word_1_138' title='bbox 672 3651 778 3742; x_wconf 88' lang='lat' dir='ltr'><strong>qui</strong></span> <span class='ocrx_word' id='word_1_139' title='bbox 810 3666 908 3723; x_wconf 84' lang='lat' dir='ltr'><strong>est</strong></span> <span class='ocrx_word' id='word_1_140' title='bbox 948 3650 1137 3722; x_wconf 87' lang='lat' dir='ltr'><strong>talis:</strong></span> 
     </span>
    </p>

    <p class='ocr_par' dir='ltr' id='par_1_7' title="bbox 449 3762 2701 4540">
     <span class='ocr_line' id='line_1_22' title="bbox 533 3762 2694 3858; baseline 0.001 -22"><span class='ocrx_word' id='word_1_141' title='bbox 533 3770 882 3845; x_wconf 68' lang='lat' dir='ltr'><strong>manasses,</strong></span> <span class='ocrx_word' id='word_1_142' title='bbox 930 3766 1049 3835; x_wconf 91' lang='lat' dir='ltr'><strong>Dei</strong></span> <span class='ocrx_word' id='word_1_143' title='bbox 1105 3762 1302 3854; x_wconf 80' lang='lat' dir='ltr'><strong>gratia</strong></span> <span class='ocrx_word' id='word_1_144' title='bbox 1379 3765 1860 3835; x_wconf 78' lang='lat' dir='ltr'><strong>Aurelianensis</strong></span> <span class='ocrx_word' id='word_1_145' title='bbox 1898 3762 2273 3855; x_wconf 88' lang='lat' dir='ltr'><strong>episcopus,</strong></span> <span class='ocrx_word' id='word_1_146' title='bbox 2313 3775 2491 3837; x_wconf 73' lang='lat' dir='ltr'><strong>etc...</strong></span> <span class='ocrx_word' id='word_1_147' title='bbox 2534 3766 2694 3858; x_wconf 73' lang='lat' dir='ltr'><strong>(ch.</strong></span> 
     </span>
     <span class='ocr_line' id='line_1_23' title="bbox 451 3876 2700 3967; baseline 0.002 -20"><span class='ocrx_word' id='word_1_148' title='bbox 451 3878 750 3951; x_wconf 87' lang='lat' dir='ltr'>CLVIII</span> <span class='ocrx_word' id='word_1_149' title='bbox 777 3881 1046 3950; x_wconf 76' lang='lat' dir='ltr'><strong>mutatis</strong></span> <span class='ocrx_word' id='word_1_150' title='bbox 1074 3878 1439 3967; x_wconf 74' lang='lat' dir='ltr'><strong>mutandis)</strong></span> <span class='ocrx_word' id='word_1_151' title='bbox 1478 3876 1964 3948; x_wconf 85' lang='lat' dir='ltr'><strong>....instituetur</strong></span> <span class='ocrx_word' id='word_1_152' title='bbox 2003 3880 2082 3948; x_wconf 92' lang='lat' dir='ltr'><strong>de</strong></span> <span class='ocrx_word' id='word_1_153' title='bbox 2122 3891 2337 3950; x_wconf 87' lang='lat' dir='ltr'><strong>cetero</strong></span> <span class='ocrx_word' id='word_1_154' title='bbox 2377 3881 2700 3951; x_wconf 86' lang='lat' dir='ltr'><strong>subdeca-</strong></span> 
     </span>
     <span class='ocr_line' id='line_1_24' title="bbox 449 3989 2698 4084; baseline 0.001 -24"><span class='ocrx_word' id='word_1_155' title='bbox 449 4013 571 4063; x_wconf 91' lang='lat' dir='ltr'><strong>nus</strong></span> <span class='ocrx_word' id='word_1_156' title='bbox 612 3996 704 4084; x_wconf 86' lang='lat' dir='ltr'><strong>(p.</strong></span> <span class='ocrx_word' id='word_1_157' title='bbox 749 3995 879 4064; x_wconf 74' lang='lat'><strong>244</strong></span> <span class='ocrx_word' id='word_1_158' title='bbox 920 3996 964 4064; x_wconf 92' lang='lat' dir='ltr'><strong>l.</strong></span> <span class='ocrx_word' id='word_1_159' title='bbox 1012 3995 1103 4081; x_wconf 79' lang='lat'><strong>1).</strong></span> <span class='ocrx_word' id='word_1_160' title='bbox 1146 3995 1276 4064; x_wconf 90' lang='lat' dir='ltr'><strong>Nos</strong></span> <span class='ocrx_word' id='word_1_161' title='bbox 1314 4006 1532 4063; x_wconf 88' lang='lat' dir='ltr'><strong>autem</strong></span> <span class='ocrx_word' id='word_1_162' title='bbox 1573 3995 1738 4063; x_wconf 87' lang='lat' dir='ltr'><strong>banc</strong></span> <span class='ocrx_word' id='word_1_163' title='bbox 1776 3989 2278 4063; x_wconf 89' lang='lat' dir='ltr'><strong>transactionem</strong></span> <span class='ocrx_word' id='word_1_164' title='bbox 2334 3995 2698 4084; x_wconf 83' lang='lat' dir='ltr'><strong>approban-</strong></span> 
     </span>
     <span class='ocr_line' id='line_1_25' title="bbox 449 4103 2700 4198; baseline 0 -24"><span class='ocrx_word' id='word_1_165' title='bbox 449 4118 573 4190; x_wconf 90' lang='lat' dir='ltr'><strong>tes,</strong></span> <span class='ocrx_word' id='word_1_166' title='bbox 597 4121 667 4177; x_wconf 86' lang='lat' dir='ltr'><strong>ut</strong></span> <span class='ocrx_word' id='word_1_167' title='bbox 692 4111 814 4178; x_wconf 88' lang='lat' dir='ltr'><strong>boc</strong></span> <span class='ocrx_word' id='word_1_168' title='bbox 847 4119 1068 4176; x_wconf 88' lang='lat' dir='ltr'><strong>notum</strong></span> <span class='ocrx_word' id='word_1_169' title='bbox 1094 4117 1467 4197; x_wconf 87' lang='lat' dir='ltr'><strong>permaneat</strong></span> <span class='ocrx_word' id='word_1_170' title='bbox 1499 4119 1563 4176; x_wconf 89' lang='lat' dir='ltr'><strong>et</strong></span> <span class='ocrx_word' id='word_1_171' title='bbox 1603 4103 1862 4196; x_wconf 87' lang='lat' dir='ltr'><strong>penitus</strong></span> <span class='ocrx_word' id='word_1_172' title='bbox 1892 4106 2385 4190; x_wconf 88' lang='lat' dir='ltr'><strong>inconcussum,</strong></span> <span class='ocrx_word' id='word_1_173' title='bbox 2425 4108 2504 4180; x_wconf 86' lang='lat' dir='ltr'><strong>ad</strong></span> <span class='ocrx_word' id='word_1_174' title='bbox 2534 4104 2700 4198; x_wconf 88' lang='lat' dir='ltr'><strong>peti-</strong></span> 
     </span>
     <span class='ocr_line' id='line_1_26' title="bbox 451 4217 2701 4310; baseline 0.001 -23"><span class='ocrx_word' id='word_1_175' title='bbox 451 4218 687 4291; x_wconf 88' lang='lat' dir='ltr'><strong>tionem</strong></span> <span class='ocrx_word' id='word_1_176' title='bbox 718 4234 783 4291; x_wconf 88' lang='lat' dir='ltr'><strong>et</strong></span> <span class='ocrx_word' id='word_1_177' title='bbox 844 4223 1239 4291; x_wconf 84' lang='lat' dir='ltr'><strong>voluntatem</strong></span> <span class='ocrx_word' id='word_1_178' title='bbox 1281 4234 1408 4289; x_wconf 89' lang='lat' dir='ltr'><strong>tam</strong></span> <span class='ocrx_word' id='word_1_179' title='bbox 1471 4217 1734 4309; x_wconf 90' lang='lat' dir='ltr'><strong>capituli</strong></span> <span class='ocrx_word' id='word_1_180' title='bbox 1804 4241 1992 4308; x_wconf 90' lang='lat' dir='ltr'><strong>quam</strong></span> <span class='ocrx_word' id='word_1_181' title='bbox 2037 4219 2269 4310; x_wconf 85' lang='lat' dir='ltr'><strong>Pagani</strong></span> <span class='ocrx_word' id='word_1_182' title='bbox 2342 4218 2701 4291; x_wconf 88' lang='lat' dir='ltr'><strong>subdecani</strong></span> 
     </span>
     <span class='ocr_line' id='line_1_27' title="bbox 451 4331 2693 4425; baseline 0 -23"><span class='ocrx_word' id='word_1_183' title='bbox 451 4347 813 4422; x_wconf 86' lang='lat' dir='ltr'><strong>presentem</strong></span> <span class='ocrx_word' id='word_1_184' title='bbox 838 4335 1134 4425; x_wconf 80' lang='lat' dir='ltr'><strong>paginam</strong></span> <span class='ocrx_word' id='word_1_185' title='bbox 1164 4331 1363 4424; x_wconf 81' lang='lat' dir='ltr'><strong>sigilli</strong></span> <span class='ocrx_word' id='word_1_186' title='bbox 1406 4333 1610 4404; x_wconf 90' lang='lat' dir='ltr'><strong>nostri</strong></span> <span class='ocrx_word' id='word_1_187' title='bbox 1650 4346 1975 4403; x_wconf 89' lang='lat' dir='ltr'><strong>caractere</strong></span> <span class='ocrx_word' id='word_1_188' title='bbox 2003 4332 2275 4404; x_wconf 77' lang='lat' dir='ltr'><strong>fecimus</strong></span> <span class='ocrx_word' id='word_1_189' title='bbox 2306 4332 2693 4405; x_wconf 81' lang='lat' dir='ltr'><strong>confirmari.</strong></span> 
     </span>
     <span class='ocr_line' id='line_1_28' title="bbox 452 4445 2429 4540; baseline 0 -25"><span class='ocrx_word' id='word_1_190' title='bbox 452 4451 670 4519; x_wconf 82' lang='lat' dir='ltr'><strong>Actum</strong></span> <span class='ocrx_word' id='word_1_191' title='bbox 712 4470 881 4519; x_wconf 88' lang='lat' dir='ltr'><strong>anno</strong></span> <span class='ocrx_word' id='word_1_192' title='bbox 922 4447 1121 4540; x_wconf 84' lang='lat' dir='ltr'><strong>gratie</strong></span> <span class='ocrx_word' id='word_1_193' title='bbox 1159 4452 1236 4518; x_wconf 77' lang='lat' dir='ltr'><strong>M-</strong></span> <span class='ocrx_word' id='word_1_194' title='bbox 1284 4449 1404 4518; x_wconf 93' lang='lat' dir='ltr'><strong>CC·</strong></span> <span class='ocrx_word' id='word_1_195' title='bbox 1441 4450 1635 4517; x_wconf 87' lang='lat' dir='ltr'><strong>tertio</strong></span> <span class='ocrx_word' id='word_1_196' title='bbox 1674 4445 1948 4521; x_wconf 78' lang='lat' dir='ltr'><strong>decimo,</strong></span> <span class='ocrx_word' id='word_1_197' title='bbox 1989 4468 2215 4519; x_wconf 88' lang='lat' dir='ltr'><strong>mense</strong></span> <span class='ocrx_word' id='word_1_198' title='bbox 2255 4447 2429 4518; x_wconf 89' lang='lat' dir='ltr'><strong>maii.</strong></span> 
     </span>
    </p>

    <p class='ocr_par' dir='ltr' id='par_1_8' title="bbox 458 4558 2698 4767">
     <span class='ocr_line' id='line_1_29' title="bbox 535 4558 2696 4652; baseline 0 -20"><span class='ocrx_word' id='word_1_199' title='bbox 535 4560 698 4632; x_wconf 89' lang='lat' dir='ltr'><strong>Nulli</strong></span> <span class='ocrx_word' id='word_1_200' title='bbox 761 4582 913 4652; x_wconf 80' lang='lat' dir='ltr'><strong>ergo</strong></span> <span class='ocrx_word' id='word_1_201' title='bbox 953 4561 1219 4633; x_wconf 91' lang='lat' dir='ltr'><strong>omniuo</strong></span> <span class='ocrx_word' id='word_1_202' title='bbox 1259 4559 1591 4632; x_wconf 90' lang='lat' dir='ltr'><strong>hominum</strong></span> <span class='ocrx_word' id='word_1_203' title='bbox 1638 4558 1827 4630; x_wconf 88' lang='lat' dir='ltr'><strong>liceat</strong></span> <span class='ocrx_word' id='word_1_204' title='bbox 1888 4562 2055 4630; x_wconf 89' lang='lat' dir='ltr'><strong>banc</strong></span> <span class='ocrx_word' id='word_1_205' title='bbox 2118 4559 2414 4652; x_wconf 82' lang='lat' dir='ltr'><strong>paginam</strong></span> <span class='ocrx_word' id='word_1_206' title='bbox 2476 4574 2696 4633; x_wconf 88' lang='lat' dir='ltr'><strong>nostre</strong></span> 
     </span>
     <span class='ocr_line' id='line_1_30' title="bbox 458 4674 2698 4767; baseline 0.004 -25"><span class='ocrx_word' id='word_1_207' title='bbox 458 4674 953 4746; x_wconf 84' lang='lat' dir='ltr'><strong>confirmationis</strong></span> <span class='ocrx_word' id='word_1_208' title='bbox 989 4677 1368 4767; x_wconf 79' lang='lat' dir='ltr'><strong>intringere,</strong></span> <span class='ocrx_word' id='word_1_209' title='bbox 1418 4677 1515 4746; x_wconf 91' lang='lat' dir='ltr'><strong>vel</strong></span> <span class='ocrx_word' id='word_1_210' title='bbox 1553 4675 1613 4747; x_wconf 90' lang='lat' dir='ltr'><strong>ei</strong></span> <span class='ocrx_word' id='word_1_211' title='bbox 1668 4696 1831 4745; x_wconf 88' lang='lat' dir='ltr'><strong>ausu</strong></span> <span class='ocrx_word' id='word_1_212' title='bbox 1880 4675 2227 4746; x_wconf 89' lang='lat' dir='ltr'><strong>temerario</strong></span> <span class='ocrx_word' id='word_1_213' title='bbox 2251 4675 2594 4750; x_wconf 85' lang='lat' dir='ltr'><strong>contraire.</strong></span> <span class='ocrx_word' id='word_1_214' title='bbox 2628 4680 2698 4751; x_wconf 91' lang='lat' dir='ltr'><strong>Si</strong></span> 
     </span>
    </p>
   </div>
  </div>
 </body>
</html>
