3485 5571
1328 726 1398 736 -
1449 690 1677 754 223-

333 820 426 889 de
462 820 813 889 voluntate
843 830 1060 889 nostra
1099 816 1337 910 pariter
1373 832 1437 889 et
1473 840 1775 901 assensu,
1818 817 2158 890 ecclesiam
2192 822 2272 891 de
2310 820 2625 905 Acheriis‚

333 954 477 1022 que
507 927 684 1003 iulr‘a
709 954 1037 1003 murorum
1060 932 1370 1003 ambitum
1394 931 1516 1003 sita
1542 944 1669 1003 tam
1698 931 2134 1024 parrochianis
2165 934 2466 1006 omnibus
2491 958 2626 1027 gra·

337 1043 444 1116 vis
488 1045 781 1117 existere
824 1047 1238 1127 noscebatur,
1279 1068 1467 1135 quam
1503 1044 1825 1117 sacerdoti
1858 1047 2128 1118 introire
2157 1049 2393 1119 volenti
2424 1050 2632 1119 omni-

334 1159 581 1230 modis
625 1157 990 1250 importuna
1032 1156 1095 1227 in
1123 1160 1337 1229 locum
1377 1157 1569 1228 alium
1610 1171 1782 1230 extra
1825 1181 2046 1229 muros
2090 1159 2396 1231 videlicet
2424 1174 2631 1232 trans-

338 1272 627 1358 tulisse,
658 1271 765 1343 ubi
792 1272 1109 1364 presbiter
1135 1285 1200 1342 et
1220 1270 1622 1363 parrochiani
1652 1273 1927 1343 liberum
1959 1275 2235 1344 habeant
2264 1273 2627 1363 introitum,

337 1401 411 1458 et
451 1409 813 1458 accessum
841 1399 907 1458 et
940 1388 1084 1477 jura
1119 1384 1537 1477 parrochialia
1570 1384 1752 1457 lacile
1800 1389 2052 1457 valeant
2114 1385 2407 1478 adipisci.
2454 1392 2623 1459 Con-

342 1523 634 1573 cessum
677 1514 891 1572 autem
926 1499 1039 1570 luit
1079 1499 1288 1571 eidem
1332 1498 1607 1571 Galterio
1637 1512 1707 1570 ut
1746 1499 2015 1592 primam
2047 1512 2291 1592 partem
2347 1502 2628 1575 ecclesie

342 1615 609 1687 veteris
648 1615 771 1687 sibi
802 1619 1081 1687 retineat
1118 1614 1181 1684 in
1217 1617 1525 1707 capellam
1571 1628 1945 1707 partemque
1980 1613 2101 1686 sibi
2151 1613 2403 1686 diruere
2445 1615 2632 1688 liceat

342 1735 662 1816 alteram,
693 1756 835 1805 eam
866 1745 1078 1803 tamen
1104 1754 1139 1802 a
1168 1730 1352 1803 laicis
1389 1731 1740 1803 immunem
1777 1731 2001 1802 usibus
2040 1754 2187 1802 cum
2227 1730 2402 1803 omni
2444 1756 2627 1803 mun-

347 1846 529 1919 dicia
590 1861 944 1919 servaturo.
1012 1846 1330 1939 Quicquid
1376 1860 1589 1919 autem
1654 1845 2115 1918 obventionum
2184 1846 2517 1939 proveniet
2556 1850 2622 1919 in

346 1965 613 2053 capella
654 1986 914 2055 semper
948 1965 1028 2033 ad
1081 1963 1513 2054 presbiterum
1553 1961 1828 2053 [majoris
1888 1960 2163 2033 ecclesie
2230 1964 2623 2035 devolvetur.

354 2078 612 2146 Verum
657 2100 739 2148 ne
795 2100 907 2169 per
935 2074 1419 2148 translationem
1479 2073 1758 2146 ecclesie
1821 2073 2278 2147 detrimentum
2344 2073 2624 2147 incurrat

353 2192 680 2261 sacerdos
740 2189 1006 2282 aliquid,
1044 2188 1255 2260 dictus
1308 2188 1621 2260 Galterius
1684 2191 1848 2259 duos
1901 2188 2052 2259 boni
2131 2189 2484 2280 hibernagii
2547 2192 2627 2260 ad

357 2327 740 2376 mensuram
784 2302 1192 2375 Acheriarum
1236 2302 1487 2374 modios
1526 2304 1714 2373 annis
1753 2302 2211 2394 percipiendos
2251 2302 2523 2394 singulis
2563 2316 2630 2374 et

361 2441 574 2487 unum
616 2415 904 2488 modium
932 2415 1058 2488 vini
1096 2416 1364 2509 legitimi
1406 2416 1469 2487 in
1511 2419 1695 2487 vinea
1736 2438 1853 2487 sua
1894 2418 1972 2487 de
2013 2415 2299 2487 Acheriis
2329 2419 2406 2487 ad
2448 2440 2627 2488 men·

360 2554 587 2602 suram
649 2533 941 2622 ejusdem
1018 2531 1140 2602 loci
1181 2533 1547 2602 habendum
1613 2529 1912 2601 similiter
1949 2530 2278 2600 annuatim
2335 2544 2398 2601 et
2436 2530 2622 2602 annis

362 2643 646 2736 singulis
683 2643 747 2714 in
795 2648 959 2730 lesto
998 2648 1209 2716 sancti
1250 2644 1699 2737 percipiendos
1741 2641 2010 2734 Remigii
2078 2643 2200 2735 ipsi
2265 2642 2623 2736 presbitero

360 2757 642 2850 suisque
680 2758 1169 2832 successoribus
1209 2758 1272 2830 in
1304 2757 1722 2831 elemosinam
1774 2755 2045 2829 contulit
2089 2770 2396 2850 perpetuo
2422 2760 2627 2851 possi-

362 2874 644 2946 dendos.
678 2873 922 2945 Nobilis
961 2887 1173 2945 autem
1216 2872 1445 2944 mulier
1481 2896 1637 2944 uxor
1665 2875 1832 2964 eju3‚
1865 2876 2134 2963 Persoys
2167 2873 2452 2957 nomine,
2485 2896 2624 2945 rem

360 2984 554 3058 istam
599 2987 796 3059 voluit
821 3001 885 3059 et
923 2988 1272 3074 concessit,
1309 3001 1374 3059 et
1402 2986 1683 3080 idipsum
1748 2989 2019 3058 heredes
2055 2984 2258 3077 ipsius
2313 2986 2626 3059 Galterius

368 3114 430 3171 et
500 3101 734 3188 Gnido,
796 3118 860 3173 et
899 3102 1183 3194 ipsorum
1242 3125 1471 3174 uxores
1529 3100 1783 3172 scilicet
1840 3099 2164 3192 Margarita
2232 3114 2296 3172 et
2357 3104 2626 3172 lsabella

369 3217 710 3287 voluerunt
748 3229 812 3287 et
838 3239 1177 3288 assensum
1203 3214 1590 3287 unanimiter
1633 3215 2069 3307 prestiterunt.
2103 3218 2287 3300 Quod
2319 3228 2386 3284 ut
2418 3230 2623 3286 ratum

371 3342 768 3412 teneaturet
811 3345 1034 3403 notum
1064 3343 1436 3422 permaneat
1473 3332 1551 3400 ad
1592 3353 1820 3422 preces
1874 3331 2081 3422 ipsius
2140 3327 2333 3419 sigilli
2413 3331 2615 3402 nostri

373 3446 707 3516 karactere
777 3443 1045 3515 fecimus
1106 3444 1417 3515 roborari.
1484 3450 1707 3515 Actum
1778 3443 2160 3526 Aurelianis,
2203 3441 2265 3512 in
2329 3446 2620 3535 capitulo

373 3574 624 3642 nostro,
668 3581 836 3629 anno
874 3558 1075 3649 gratie
1119 3562 1191 3627 M-
1228 3561 1347 3629 CC·
1382 3557 1608 3642 tercio,
1641 3581 1866 3630 mense
1907 3558 2305 3629 novembris,
