<?xml version="1.0" encoding="UTF-8"?>
<!DOCTYPE html PUBLIC "-//W3C//DTD XHTML 1.0 Transitional//EN"
    "http://www.w3.org/TR/xhtml1/DTD/xhtml1-transitional.dtd">
<html xmlns="http://www.w3.org/1999/xhtml" xml:lang="en" lang="en">
 <head>
  <title>
</title>
<meta http-equiv="Content-Type" content="text/html;charset=utf-8" />
  <meta name='ocr-system' content='tesseract 3.04.00' />
  <meta name='ocr-capabilities' content='ocr_page ocr_carea ocr_par ocr_line ocrx_word'/>
</head>
<body>
  <div class='ocr_page' id='page_1' title='image "./cartulairedesai00thilgoog_0404.png"; bbox 0 0 3485 5571; ppageno 0'>
   <div class='ocr_carea' id='block_1_1' title="bbox 1754 653 2113 718">
    <p class='ocr_par' dir='ltr' id='par_1_1' title="bbox 1754 653 2113 718">
     <span class='ocr_line' id='line_1_1' title="bbox 1754 653 2113 718; baseline 0.008 -19"><span class='ocrx_word' id='word_1_1' title='bbox 1754 653 2113 718; x_wconf 58' lang='lat'><strong>-232-,</strong></span> 
     </span>
    </p>
   </div>
   <div class='ocr_carea' id='block_1_2' title="bbox 1796 1052 2036 1115">
    <p class='ocr_par' dir='ltr' id='par_1_2' title="bbox 1796 1052 2036 1115">
     <span class='ocr_line' id='line_1_2' title="bbox 1796 1052 2036 1115; baseline -0.008 0"><span class='ocrx_word' id='word_1_2' title='bbox 1796 1052 2036 1115; x_wconf 87' lang='lat' dir='ltr'>CXLIX</span> 
     </span>
    </p>
   </div>
   <div class='ocr_carea' id='block_1_3' title="bbox 1841 1351 2002 1416">
    <p class='ocr_par' dir='ltr' id='par_1_3' title="bbox 1841 1351 2002 1416">
     <span class='ocr_line' id='line_1_3' title="bbox 1841 1351 2002 1416; baseline 0 -1"><span class='ocrx_word' id='word_1_3' title='bbox 1841 1351 2002 1416; x_wconf 80' lang='lat'>1208</span> 
     </span>
    </p>
   </div>
   <div class='ocr_carea' id='block_1_4' title="bbox 797 1599 3078 1772">
    <p class='ocr_par' dir='ltr' id='par_1_4' title="bbox 797 1599 3078 1772">
     <span class='ocr_line' id='line_1_4' title="bbox 797 1599 3077 1675; baseline -0.002 -14"><span class='ocrx_word' id='word_1_4' title='bbox 797 1602 1015 1661; x_wconf 79' lang='lat' dir='ltr'><strong>Accord</strong></span> <span class='ocrx_word' id='word_1_5' title='bbox 1043 1608 1201 1659; x_wconf 88' lang='lat' dir='ltr'><strong>entre</strong></span> <span class='ocrx_word' id='word_1_6' title='bbox 1230 1601 1284 1658; x_wconf 90' lang='lat' dir='ltr'><strong>le</strong></span> <span class='ocrx_word' id='word_1_7' title='bbox 1312 1602 1507 1675; x_wconf 79' lang='lat' dir='ltr'>prieur</span> <span class='ocrx_word' id='word_1_8' title='bbox 1529 1602 1599 1658; x_wconf 88' lang='lat' dir='ltr'><strong>de</strong></span> <span class='ocrx_word' id='word_1_9' title='bbox 1628 1602 1854 1658; x_wconf 85' lang='lat' dir='ltr'><strong>Vannes</strong></span> <span class='ocrx_word' id='word_1_10' title='bbox 1878 1605 1934 1656; x_wconf 89' lang='lat' dir='ltr'><strong>et</strong></span> <span class='ocrx_word' id='word_1_11' title='bbox 1961 1601 2016 1657; x_wconf 92' lang='lat' dir='ltr'><strong>le</strong></span> <span class='ocrx_word' id='word_1_12' title='bbox 2044 1601 2180 1657; x_wconf 78' lang='lat' dir='ltr'><strong>cure</strong></span> <span class='ocrx_word' id='word_1_13' title='bbox 2206 1599 2424 1656; x_wconf 83' lang='lat' dir='ltr'><strong>d’Isdes</strong></span> <span class='ocrx_word' id='word_1_14' title='bbox 2454 1616 2528 1657; x_wconf 81' lang='lat' dir='ltr'><strong>au</strong></span> <span class='ocrx_word' id='word_1_15' title='bbox 2574 1602 2724 1670; x_wconf 82' lang='lat' dir='ltr'><strong>sujet</strong></span> <span class='ocrx_word' id='word_1_16' title='bbox 2764 1601 2869 1658; x_wconf 80' lang='lat' dir='ltr'><strong>des</strong></span> <span class='ocrx_word' id='word_1_17' title='bbox 2919 1601 3077 1657; x_wconf 73' lang='lat' dir='ltr'><strong>obla-</strong></span> 
     </span>
     <span class='ocr_line' id='line_1_5' title="bbox 865 1696 3078 1772; baseline -0.002 -15"><span class='ocrx_word' id='word_1_18' title='bbox 865 1701 1016 1757; x_wconf 82' lang='lat' dir='ltr'><strong>tions</strong></span> <span class='ocrx_word' id='word_1_19' title='bbox 1078 1700 1179 1756; x_wconf 85' lang='lat' dir='ltr'><strong>des</strong></span> <span class='ocrx_word' id='word_1_20' title='bbox 1237 1699 1369 1772; x_wconf 82' lang='lat' dir='ltr'><strong>cinq</strong></span> <span class='ocrx_word' id='word_1_21' title='bbox 1420 1698 1664 1770; x_wconf 74' lang='lat' dir='ltr'><strong>grandes</strong></span> <span class='ocrx_word' id='word_1_22' title='bbox 1719 1697 1905 1754; x_wconf 77' lang='lat' dir='ltr'><strong>fetes:</strong></span> <span class='ocrx_word' id='word_1_23' title='bbox 1946 1697 2000 1753; x_wconf 85' lang='lat' dir='ltr'><strong>le</strong></span> <span class='ocrx_word' id='word_1_24' title='bbox 2048 1696 2243 1769; x_wconf 81' lang='lat' dir='ltr'><strong>prieur</strong></span> <span class='ocrx_word' id='word_1_25' title='bbox 2300 1713 2440 1753; x_wconf 87' lang='lat' dir='ltr'><strong>aura</strong></span> <span class='ocrx_word' id='word_1_26' title='bbox 2489 1696 2562 1752; x_wconf 78' lang='lat'><strong>12</strong></span> <span class='ocrx_word' id='word_1_27' title='bbox 2615 1713 2759 1755; x_wconf 78' lang='lat' dir='ltr'><strong>sons</strong></span> <span class='ocrx_word' id='word_1_28' title='bbox 2812 1698 3078 1770; x_wconf 77' lang='lat' dir='ltr'><strong>giennois</strong></span> 
     </span>
    </p>
   </div>
   <div class='ocr_carea' id='block_1_5' title="bbox 866 1813 2433 1963">
    <p class='ocr_par' dir='ltr' id='par_1_5' title="bbox 866 1813 2433 1963">
     <span class='ocr_line' id='line_1_6' title="bbox 866 1813 2433 1963; baseline -0.001 -16"><span class='ocrx_word' id='word_1_29' title='bbox 866 1813 970 1870; x_wconf 70' lang='lat'>1²⁸¹·</span> <span class='ocrx_word' id='word_1_30' title='bbox 998 1813 1095 1853; x_wconf 50' lang='lat' dir='ltr'><strong>an·</strong></span> <span class='ocrx_word' id='word_1_31' title='bbox 1411 1890 1591 1963; x_wconf 76' lang='lat' dir='ltr'><strong>(Orig.</strong></span> <span class='ocrx_word' id='word_1_32' title='bbox 1623 1891 1797 1947; x_wconf 80' lang='lat' dir='ltr'><strong>Arcb.</strong></span> <span class='ocrx_word' id='word_1_33' title='bbox 1832 1891 1909 1948; x_wconf 86' lang='lat' dir='ltr'><strong>du</strong></span> <span class='ocrx_word' id='word_1_34' title='bbox 1940 1891 2151 1960; x_wconf 85' lang='lat' dir='ltr'><strong>Loiret,</strong></span> <span class='ocrx_word' id='word_1_35' title='bbox 2181 1891 2255 1948; x_wconf 87' lang='lat' dir='ltr'><strong>G.</strong></span> <span class='ocrx_word' id='word_1_36' title='bbox 2278 1890 2433 1962; x_wconf 84' lang='lat'><strong>377).</strong></span> 
     </span>
    </p>
   </div>
   <div class='ocr_carea' id='block_1_6' title="bbox 797 2106 3071 3553">
    <p class='ocr_par' dir='ltr' id='par_1_6' title="bbox 797 2106 3071 3553">
     <span class='ocr_line' id='line_1_7' title="bbox 885 2106 3067 2201; baseline -0 -19"><span class='ocrx_word' id='word_1_37' title='bbox 885 2113 1017 2201; x_wconf 86' lang='lat' dir='ltr'><strong>Ego</strong></span> <span class='ocrx_word' id='word_1_38' title='bbox 1045 2112 1351 2192; x_wconf 88' lang='lat' dir='ltr'><strong>Johanes,</strong></span> <span class='ocrx_word' id='word_1_39' title='bbox 1426 2106 1923 2181; x_wconf 89' lang='lat' dir='ltr'><strong>archidiaconus</strong></span> <span class='ocrx_word' id='word_1_40' title='bbox 1985 2112 2219 2183; x_wconf 81' lang='lat' dir='ltr'>Sancte</span> <span class='ocrx_word' id='word_1_41' title='bbox 2269 2109 2492 2183; x_wconf 84' lang='lat' dir='ltr'>Crucis</span> <span class='ocrx_word' id='word_1_42' title='bbox 2545 2110 3067 2193; x_wconf 80' lang='lat' dir='ltr'><strong>Aurelianensis,</strong></span> 
     </span>
     <span class='ocr_line' id='line_1_8' title="bbox 798 2220 3066 2314; baseline 0 -19"><span class='ocrx_word' id='word_1_43' title='bbox 798 2222 1115 2296; x_wconf 90' lang='lat' dir='ltr'><strong>universis</strong></span> <span class='ocrx_word' id='word_1_44' title='bbox 1166 2236 1501 2314; x_wconf 83' lang='lat' dir='ltr'><strong>presentes</strong></span> <span class='ocrx_word' id='word_1_45' title='bbox 1544 2220 1788 2293; x_wconf 77' lang='lat' dir='ltr'><strong>litteras</strong></span> <span class='ocrx_word' id='word_1_46' title='bbox 1829 2222 2221 2314; x_wconf 83' lang='lat' dir='ltr'><strong>inspecturis</strong></span> <span class='ocrx_word' id='word_1_47' title='bbox 2272 2238 2496 2296; x_wconf 89' lang='lat' dir='ltr'><strong>notum</strong></span> <span class='ocrx_word' id='word_1_48' title='bbox 2545 2225 2684 2296; x_wconf 84' lang='lat' dir='ltr'><strong>fieri</strong></span> <span class='ocrx_word' id='word_1_49' title='bbox 2765 2229 3066 2296; x_wconf 75' lang='lat' dir='ltr'><strong>volumus</strong></span> 
     </span>
     <span class='ocr_line' id='line_1_9' title="bbox 797 2335 3066 2430; baseline 0 -22"><span class='ocrx_word' id='word_1_50' title='bbox 797 2338 945 2429; x_wconf 87' lang='lat' dir='ltr'><strong>quia</strong></span> <span class='ocrx_word' id='word_1_51' title='bbox 985 2336 1327 2409; x_wconf 82' lang='lat' dir='ltr'><strong>contencio</strong></span> <span class='ocrx_word' id='word_1_52' title='bbox 1366 2349 1500 2408; x_wconf 89' lang='lat' dir='ltr'><strong>erat</strong></span> <span class='ocrx_word' id='word_1_53' title='bbox 1540 2335 1708 2408; x_wconf 90' lang='lat' dir='ltr'><strong>inter</strong></span> <span class='ocrx_word' id='word_1_54' title='bbox 1769 2336 2047 2428; x_wconf 83' lang='lat' dir='ltr'><strong>priorem</strong></span> <span class='ocrx_word' id='word_1_55' title='bbox 2087 2340 2168 2409; x_wconf 92' lang='lat' dir='ltr'><strong>de</strong></span> <span class='ocrx_word' id='word_1_56' title='bbox 2220 2338 2463 2411; x_wconf 89' lang='lat' dir='ltr'><strong>Vannis</strong></span> <span class='ocrx_word' id='word_1_57' title='bbox 2517 2353 2584 2410; x_wconf 92' lang='lat' dir='ltr'><strong>et</strong></span> <span class='ocrx_word' id='word_1_58' title='bbox 2626 2339 3066 2430; x_wconf 83' lang='lat' dir='ltr'><strong>presbiterum</strong></span> 
     </span>
     <span class='ocr_line' id='line_1_10' title="bbox 799 2449 3060 2544; baseline 0 -22"><span class='ocrx_word' id='word_1_59' title='bbox 799 2455 879 2524; x_wconf 87' lang='lat' dir='ltr'><strong>de</strong></span> <span class='ocrx_word' id='word_1_60' title='bbox 908 2454 1014 2522; x_wconf 87' lang='lat' dir='ltr'><strong>Ida</strong></span> <span class='ocrx_word' id='word_1_61' title='bbox 1045 2473 1237 2542; x_wconf 85' lang='lat' dir='ltr'><strong>super</strong></span> <span class='ocrx_word' id='word_1_62' title='bbox 1267 2449 1704 2522; x_wconf 82' lang='lat' dir='ltr'><strong>oblationibus</strong></span> <span class='ocrx_word' id='word_1_63' title='bbox 1741 2454 1794 2523; x_wconf 91' lang='lat' dir='ltr'>V</span> <span class='ocrx_word' id='word_1_64' title='bbox 1836 2450 2261 2522; x_wconf 78' lang='lat' dir='ltr'><strong>festivitatum</strong></span> <span class='ocrx_word' id='word_1_65' title='bbox 2328 2453 2658 2526; x_wconf 85' lang='lat' dir='ltr'><strong>annalium</strong></span> <span class='ocrx_word' id='word_1_66' title='bbox 2701 2455 2768 2522; x_wconf 89' lang='lat' dir='ltr'><strong>in</strong></span> <span class='ocrx_word' id='word_1_67' title='bbox 2821 2452 3060 2544; x_wconf 87' lang='lat' dir='ltr'><strong>quibus</strong></span> 
     </span>
     <span class='ocr_line' id='line_1_11' title="bbox 801 2562 3071 2658; baseline 0 -23"><span class='ocrx_word' id='word_1_68' title='bbox 801 2568 1083 2658; x_wconf 80' lang='lat' dir='ltr'><strong>prefatus</strong></span> <span class='ocrx_word' id='word_1_69' title='bbox 1122 2562 1294 2657; x_wconf 90' lang='lat' dir='ltr'><strong>prior</strong></span> <span class='ocrx_word' id='word_1_70' title='bbox 1327 2576 1620 2655; x_wconf 83' lang='lat' dir='ltr'><strong>quartam</strong></span> <span class='ocrx_word' id='word_1_71' title='bbox 1654 2577 1899 2656; x_wconf 86' lang='lat' dir='ltr'><strong>partem</strong></span> <span class='ocrx_word' id='word_1_72' title='bbox 1941 2567 2220 2636; x_wconf 89' lang='lat' dir='ltr'><strong>debebat</strong></span> <span class='ocrx_word' id='word_1_73' title='bbox 2249 2568 2507 2637; x_wconf 88' lang='lat' dir='ltr'><strong>habere.</strong></span> <span class='ocrx_word' id='word_1_74' title='bbox 2546 2570 2669 2638; x_wconf 91' lang='lat' dir='ltr'><strong>Sed</strong></span> <span class='ocrx_word' id='word_1_75' title='bbox 2706 2580 2776 2637; x_wconf 92' lang='lat' dir='ltr'><strong>ut</strong></span> <span class='ocrx_word' id='word_1_76' title='bbox 2801 2580 3071 2638; x_wconf 89' lang='lat' dir='ltr'><strong>conten-</strong></span> 
     </span>
     <span class='ocr_line' id='line_1_12' title="bbox 802 2677 3066 2773; baseline -0 -21"><span class='ocrx_word' id='word_1_77' title='bbox 802 2679 904 2752; x_wconf 92' lang='lat' dir='ltr'><strong>cio</strong></span> <span class='ocrx_word' id='word_1_78' title='bbox 932 2682 1011 2750; x_wconf 90' lang='lat' dir='ltr'><strong>de</strong></span> <span class='ocrx_word' id='word_1_79' title='bbox 1052 2694 1267 2751; x_wconf 91' lang='lat' dir='ltr'><strong>cetero</strong></span> <span class='ocrx_word' id='word_1_80' title='bbox 1307 2677 1565 2770; x_wconf 91' lang='lat' dir='ltr'><strong>penitus</strong></span> <span class='ocrx_word' id='word_1_81' title='bbox 1604 2678 1954 2771; x_wconf 85' lang='lat' dir='ltr'><strong>sopiretur,</strong></span> <span class='ocrx_word' id='word_1_82' title='bbox 1986 2678 2321 2773; x_wconf 85' lang='lat' dir='ltr'><strong>prescripti</strong></span> <span class='ocrx_word' id='word_1_83' title='bbox 2362 2680 2536 2773; x_wconf 94' lang='lat' dir='ltr'><strong>prior</strong></span> <span class='ocrx_word' id='word_1_84' title='bbox 2610 2694 2674 2753; x_wconf 94' lang='lat' dir='ltr'><strong>et</strong></span> <span class='ocrx_word' id='word_1_85' title='bbox 2747 2684 3066 2772; x_wconf 87' lang='lat' dir='ltr'><strong>presbiter</strong></span> 
     </span>
     <span class='ocr_line' id='line_1_13' title="bbox 802 2793 3062 2889; baseline -0 -23"><span class='ocrx_word' id='word_1_86' title='bbox 802 2795 889 2866; x_wconf 87' lang='lat' dir='ltr'><strong>ita</strong></span> <span class='ocrx_word' id='word_1_87' title='bbox 921 2796 1092 2865; x_wconf 89' lang='lat' dir='ltr'><strong>inter</strong></span> <span class='ocrx_word' id='word_1_88' title='bbox 1130 2817 1200 2865; x_wconf 91' lang='lat' dir='ltr'><strong>se</strong></span> <span class='ocrx_word' id='word_1_89' title='bbox 1248 2809 1779 2886; x_wconf 89' lang='lat' dir='ltr'><strong>composuerunt,</strong></span> <span class='ocrx_word' id='word_1_90' title='bbox 1814 2793 2062 2867; x_wconf 88' lang='lat' dir='ltr'><strong>scilicet</strong></span> <span class='ocrx_word' id='word_1_91' title='bbox 2091 2798 2263 2885; x_wconf 87' lang='lat' dir='ltr'><strong>quod</strong></span> <span class='ocrx_word' id='word_1_92' title='bbox 2310 2795 2480 2887; x_wconf 88' lang='lat' dir='ltr'><strong>prior</strong></span> <span class='ocrx_word' id='word_1_93' title='bbox 2546 2819 2658 2889; x_wconf 91' lang='lat' dir='ltr'><strong>pro</strong></span> <span class='ocrx_word' id='word_1_94' title='bbox 2725 2796 2859 2868; x_wconf 82' lang='lat' dir='ltr'><strong>inis</strong></span> <span class='ocrx_word' id='word_1_95' title='bbox 2899 2800 3062 2869; x_wconf 79' lang='lat' dir='ltr'><strong>obia-</strong></span> 
     </span>
     <span class='ocr_line' id='line_1_14' title="bbox 806 2906 3066 3002; baseline -0 -22"><span class='ocrx_word' id='word_1_96' title='bbox 806 2908 1104 2981; x_wconf 88' lang='lat' dir='ltr'><strong>cionibus</strong></span> <span class='ocrx_word' id='word_1_97' title='bbox 1150 2908 1580 2999; x_wconf 88' lang='lat' dir='ltr'><strong>predictarum</strong></span> <span class='ocrx_word' id='word_1_98' title='bbox 1607 2906 2028 2979; x_wconf 78' lang='lat' dir='ltr'><strong>festivitatum</strong></span> <span class='ocrx_word' id='word_1_99' title='bbox 2061 2911 2168 2978; x_wconf 82' lang='grc' dir='ltr'><strong>ΧΠ</strong></span> <span class='ocrx_word' id='word_1_100' title='bbox 2210 2909 2453 2981; x_wconf 82' lang='lat' dir='ltr'><strong>solidos</strong></span> <span class='ocrx_word' id='word_1_101' title='bbox 2507 2910 2880 3002; x_wconf 84' lang='lat' dir='ltr'><strong>giemenses</strong></span> <span class='ocrx_word' id='word_1_102' title='bbox 2936 2912 3066 2981; x_wconf 89' lang='lat' dir='ltr'><strong>sin·</strong></span> 
     </span>
     <span class='ocr_line' id='line_1_15' title="bbox 808 3020 3065 3116; baseline -0.001 -24"><span class='ocrx_word' id='word_1_103' title='bbox 808 3021 975 3113; x_wconf 83' lang='lat' dir='ltr'><strong>gulis</strong></span> <span class='ocrx_word' id='word_1_104' title='bbox 1062 3021 1250 3092; x_wconf 89' lang='lat' dir='ltr'><strong>annis</strong></span> <span class='ocrx_word' id='word_1_105' title='bbox 1321 3020 1583 3093; x_wconf 90' lang='lat' dir='ltr'><strong>habebit</strong></span> <span class='ocrx_word' id='word_1_106' title='bbox 1650 3020 1713 3090; x_wconf 90' lang='lat' dir='ltr'><strong>in</strong></span> <span class='ocrx_word' id='word_1_107' title='bbox 1778 3023 1985 3092; x_wconf 86' lang='lat' dir='ltr'><strong>tribus</strong></span> <span class='ocrx_word' id='word_1_108' title='bbox 2048 3020 2341 3094; x_wconf 87' lang='lat' dir='ltr'><strong>terminis</strong></span> <span class='ocrx_word' id='word_1_109' title='bbox 2407 3026 2917 3116; x_wconf 85' lang='lat' dir='ltr'><strong>persolvendos:</strong></span> <span class='ocrx_word' id='word_1_110' title='bbox 2990 3023 3065 3095; x_wconf 86' lang='lat' dir='ltr'><strong>ad</strong></span> 
     </span>
     <span class='ocr_line' id='line_1_16' title="bbox 811 3133 3062 3227; baseline 0.001 -20"><span class='ocrx_word' id='word_1_111' title='bbox 811 3140 1006 3207; x_wconf 85' lang='lat' dir='ltr'><strong>Pasca</strong></span> <span class='ocrx_word' id='word_1_112' title='bbox 1048 3138 1153 3205; x_wconf 86' lang='lat'>1111</span> <span class='ocrx_word' id='word_1_113' title='bbox 1193 3133 1463 3220; x_wconf 87' lang='lat' dir='ltr'><strong>solidos,</strong></span> <span class='ocrx_word' id='word_1_114' title='bbox 1495 3137 1574 3205; x_wconf 90' lang='lat' dir='ltr'><strong>ad</strong></span> <span class='ocrx_word' id='word_1_115' title='bbox 1612 3135 2134 3227; x_wconf 81' lang='lat' dir='ltr'><strong>Assumptionem</strong></span> <span class='ocrx_word' id='word_1_116' title='bbox 2173 3140 2365 3209; x_wconf 90' lang='lat' dir='ltr'><strong>Beate</strong></span> <span class='ocrx_word' id='word_1_117' title='bbox 2390 3136 2576 3209; x_wconf 77' lang='lat' dir='ltr'><strong>Marie</strong></span> <span class='ocrx_word' id='word_1_118' title='bbox 2647 3141 2754 3209; x_wconf 80' lang='lat'>1111</span> <span class='ocrx_word' id='word_1_119' title='bbox 2794 3138 3062 3222; x_wconf 79' lang='lat' dir='ltr'><strong>solidos,</strong></span> 
     </span>
     <span class='ocr_line' id='line_1_17' title="bbox 811 3247 3065 3343; baseline -0.001 -22"><span class='ocrx_word' id='word_1_120' title='bbox 811 3252 876 3321; x_wconf 91' lang='lat' dir='ltr'><strong>in</strong></span> <span class='ocrx_word' id='word_1_121' title='bbox 911 3247 1245 3321; x_wconf 85' lang='lat' dir='ltr'><strong>Nativitate</strong></span> <span class='ocrx_word' id='word_1_122' title='bbox 1285 3247 1541 3319; x_wconf 89' lang='lat' dir='ltr'><strong>Domini</strong></span> <span class='ocrx_word' id='word_1_123' title='bbox 1576 3252 1681 3319; x_wconf 85' lang='lat'>1111</span> <span class='ocrx_word' id='word_1_124' title='bbox 1711 3248 1984 3322; x_wconf 89' lang='lat' dir='ltr'><strong>solidos.</strong></span> <span class='ocrx_word' id='word_1_125' title='bbox 2038 3254 2224 3337; x_wconf 88' lang='lat' dir='ltr'><strong>Quod</strong></span> <span class='ocrx_word' id='word_1_126' title='bbox 2292 3265 2360 3321; x_wconf 90' lang='lat' dir='ltr'><strong>ut</strong></span> <span class='ocrx_word' id='word_1_127' title='bbox 2417 3266 2622 3322; x_wconf 90' lang='lat' dir='ltr'><strong>ratum</strong></span> <span class='ocrx_word' id='word_1_128' title='bbox 2697 3262 3065 3343; x_wconf 80' lang='lat' dir='ltr'><strong>permaneat</strong></span> 
     </span>
     <span class='ocr_line' id='line_1_18' title="bbox 817 3360 3060 3455; baseline 0.002 -22"><span class='ocrx_word' id='word_1_129' title='bbox 817 3376 1182 3455; x_wconf 87' lang='lat' dir='ltr'><strong>presentem</strong></span> <span class='ocrx_word' id='word_1_130' title='bbox 1224 3361 1520 3454; x_wconf 84' lang='lat' dir='ltr'><strong>paginam</strong></span> <span class='ocrx_word' id='word_1_131' title='bbox 1560 3360 1752 3453; x_wconf 83' lang='lat' dir='ltr'><strong>sigilli</strong></span> <span class='ocrx_word' id='word_1_132' title='bbox 1795 3362 1998 3434; x_wconf 89' lang='lat' dir='ltr'><strong>nostri</strong></span> <span class='ocrx_word' id='word_1_133' title='bbox 2026 3363 2385 3436; x_wconf 90' lang='lat' dir='ltr'><strong>munimine</strong></span> <span class='ocrx_word' id='word_1_134' title='bbox 2414 3367 2820 3439; x_wconf 86' lang='lat' dir='ltr'><strong>decrevimus</strong></span> <span class='ocrx_word' id='word_1_135' title='bbox 2877 3369 3060 3437; x_wconf 87' lang='lat' dir='ltr'><strong>robo-</strong></span> 
     </span>
     <span class='ocr_line' id='line_1_19' title="bbox 817 3475 2663 3553; baseline 0.003 -5"><span class='ocrx_word' id='word_1_136' title='bbox 817 3476 965 3548; x_wconf 87' lang='lat' dir='ltr'><strong>rari.</strong></span> <span class='ocrx_word' id='word_1_137' title='bbox 1008 3481 1232 3549; x_wconf 81' lang='lat' dir='ltr'><strong>Actum</strong></span> <span class='ocrx_word' id='word_1_138' title='bbox 1269 3498 1439 3548; x_wconf 89' lang='lat' dir='ltr'><strong>anno</strong></span> <span class='ocrx_word' id='word_1_139' title='bbox 1475 3475 1938 3549; x_wconf 89' lang='lat' dir='ltr'><strong>incarnationis</strong></span> <span class='ocrx_word' id='word_1_140' title='bbox 1978 3477 2309 3550; x_wconf 89' lang='lat' dir='ltr'><strong>dominice</strong></span> <span class='ocrx_word' id='word_1_141' title='bbox 2348 3482 2663 3553; x_wconf 78' lang='lat' dir='ltr'>MCCVIH.</span> 
     </span>
    </p>
   </div>
  </div>
 </body>
</html>
