3485 5571
1732 695 1812 709 --
1854 657 1975 724 404
2014 693 2092 706 -

782 793 1076 865 Boellum
1109 792 1236 861 sita
1265 800 1513 881 peteret
1538 789 1607 860 in
1636 791 1947 875 futurum,
1979 787 2117 861 sive
2155 810 2351 880 super
2387 790 2512 860 boc
2540 786 2755 881 ipsum
2792 791 3031 862 Danie-

783 909 911 978 lem
950 919 1015 979 et
1042 908 1181 997 ejus
1222 926 1645 976 successores
1665 902 1731 973 in
1766 902 1940 975 dicto
1975 900 2158 975 altari
2183 904 2613 995 imposterum
2637 906 3033 990 molestaret,

784 1023 957 1112 quod
1000 1019 1212 1111 ipsum
1250 1021 1487 1091 faceret
1527 1031 1739 1091 tacere
1770 1030 1835 1089 et
1888 1020 2061 1109 quod
2124 1015 2334 1090 dictos
2393 1019 2724 1089 Danielem
2772 1032 2836 1090 et
2895 1023 3035 1111 ejus

785 1156 1205 1208 successores
1238 1147 1303 1205 et
1332 1131 1573 1204 dictum
1607 1135 1806 1205 altare
1844 1154 2041 1225 super
2066 1135 2190 1204 hoc
2242 1131 2563 1218 liberaret,
2621 1146 2689 1204 et
2741 1135 3036 1207 redderet

783 1249 994 1322 eidem
1058 1246 1309 1320 Danieli
1362 1260 1425 1320 et
1474 1250 1617 1340 ejus
1671 1245 2167 1319 successoribus
2239 1245 2305 1317 in
2347 1246 2520 1319 dicto
2575 1250 2760 1319 altari
2820 1249 3034 1321 omnia

784 1370 1061 1459 dampna
1084 1379 1148 1438 et
1171 1387 1487 1458 expensas
1524 1388 1651 1457 que
1681 1379 1747 1437 et
1783 1387 1945 1457 quas
2005 1362 2159 1436 dicti
2205 1362 2431 1437 Daniel
2462 1379 2527 1436 et
2567 1367 2708 1457 ejus
2767 1389 3034 1438 succes-

782 1504 965 1554 sores
1028 1503 1142 1573 per
1165 1482 1606 1572 juramentum
1636 1503 1855 1566 suum,
1887 1494 2102 1552 tamen
2142 1479 2285 1551 sine
2344 1481 2469 1551 alia
2499 1477 2878 1572 prolatione,
2919 1504 3035 1573 pro

782 1597 1060 1668 deffectu
1129 1594 1300 1667 dicte
1364 1594 1778 1667 liberacionis
1829 1592 2076 1666 diceret
2140 1616 2212 1665 se
2257 1595 2496 1665 babere
2547 1608 2612 1666 et
2673 1596 2914 1666 iecisse
2971 1608 3034 1667 et

782 1710 1174 1784 sustinuisse
1225 1712 1766 1801 quandocumque
1837 1723 1902 1781 et
1961 1706 2555 1801 quocienscunque.
2601 1712 2722 1780 Pro
2792 1712 3032 1800 quibus

781 1821 1082 1896 omnibus
1138 1837 1202 1895 et
1234 1821 1511 1914 singulis
1549 1822 1860 1914 predictis
1904 1821 2201 1894 tenendis
2251 1821 2724 1915 imperpetuum
2788 1836 2854 1895 et
2916 1822 3034 1894 im-

780 1937 1033 2030 plendis
1071 1940 1281 2011 dictus
1321 1942 1550 2010 Petrus
1586 1960 1701 2031 per
1721 1935 1871 2009 fidei
1902 1935 2241 2009 dacionem
2271 1959 2342 2009 se
2375 1949 2440 2009 et
2492 1931 2719 2010 omnes
2758 1940 3030 2010 heredes

779 2064 845 2123 et
899 2075 1316 2126 successores
1354 2076 1510 2125 suos
1564 2075 1726 2139 cum·
1772 2051 2076 2123 omnibus
2131 2049 2321 2124 bonis
2381 2050 2518 2123 suis
2577 2052 2925 2124 mobilibus
2968 2064 3030 2125 et

780 2166 1223 2240 immobilibus
1254 2168 1669 2260 presentibus
1706 2179 1772 2238 et
1811 2166 2042 2238 tuturis
2082 2163 2273 2238 dictis
2305 2165 2487 2237 altari
2525 2179 2590 2238 et
2652 2166 2898 2239 Danieli
2960 2180 3023 2239 et

779 2284 922 2373 ejus
961 2281 1450 2354 successoribus
1478 2285 1550 2352 in
1584 2284 1815 2354 eodem
1852 2279 2035 2352 altari
2086 2279 2560 2373 imperpetuum
2602 2280 2913 2373 obligavit
2968 2292 3032 2354 et

780 2396 1581 2489 supposuitjurisdictioni
1650 2397 1828 2468 curie
1867 2396 2371 2469 Aurelianensis,
2404 2399 2473 2467 ln
2515 2399 2703 2486 cujus
2738 2395 2830 2468 rei
2899 2419 3033 2469 me-

777 2515 1045 2583 moriam
1085 2524 1151 2582 et
1191 2509 1628 2583 testimonium
1652 2524 1994 2604 presentes
2032 2509 2276 2582 litteras
2333 2510 2633 2597 lecimuS‚
2701 2512 2782 2581 ad
2821 2511 3031 2602 requi-

780 2624 1081 2698 sitionem
1113 2625 1430 2698 dictorum
1462 2622 1662 2710 Petri,
1703 2624 1991 2696 Danielis
2031 2638 2096 2695 et
2127 2623 2470 2696 mulierum
2497 2623 2785 2697 omnium
2815 2624 3019 2718 sigillo

782 2738 1261 2813 Aurelianensis
1302 2740 1479 2812 curie
1517 2738 1830 2813 roborari.
1874 2743 2104 2811 Datum
2140 2761 2311 2812 anno
2338 2737 2594 2813 Domini
2633 2743 2684 2812 M
2727 2743 3023 2814 ducente-

787 2853 954 2926 simo
984 2852 1517 2948 quinquagesimo
1556 2876 1753 2937 nono,
1795 2875 2023 2925 mense
2056 2853 2264 2946 aprili.

1810 3213 2025 3276 666111

1546 3491 1627 3553 15
1669 3494 2052 3574 septembre
2095 3489 2253 3554 1259

793 3727 872 3785 Le
903 3726 1150 3799 chapitre
1201 3725 1271 3783 de
1317 3726 1720 3798 Sainte-Croix‚
1770 3743 1912 3800 ponr
1941 3741 2287 3797 enconreger
2325 3725 2381 3782 la
2430 3724 2617 3780 bonne
2664 3723 2887 3781 culture
2938 3724 3029 3779 des

867 3825 1058 3896 vignes
1087 3840 1188 3896 par
1210 3817 1291 3879 les
1317 3823 1503 3893 cnreS,
1541 3823 1766 3896 assigno
1796 3840 1866 3879 au
1892 3824 2175 3895 paiement
2203 3821 2273 3879 de
2309 3822 2463 3877 leurs
2487 3820 2689 3890 denes,
2720 3824 2887 3893 apres
2914 3823 3032 3878 leur

867 3926 1039 3992 mort,
1071 3921 1151 3976 les
1197 3920 1361 3976 truits
1391 3919 1460 3975 de
1488 3919 1642 3975 leurs
1671 3920 1868 3990 vignes
1916 3918 2419 3975 convenablement
2460 3918 2781 3985 saconneeS,
2814 3918 2861 3974 si
2888 3918 3032 3973 leurs

864 4018 1118 4075 meubles
1157 4033 1229 4075 ne
1260 4018 1519 4076 sulfisent
1568 4017 1724 4073 audit
1764 4017 2085 4088 paiement3
2117 4015 2236 4071 s’ils
2274 4017 2431 4072 n’ont
2471 4032 2572 4085 pas
2618 4015 2687 4071 de
2717 4015 2915 4086 dettes,
2946 4031 3031 4069 ces

862 4116 1026 4172 sruits
1078 4124 1271 4174 seront
1314 4116 1609 4190 appliques
1637 4131 1747 4172 aux
1795 4114 2021 4172 besoins
2050 4113 2120 4169 de
2170 4114 2225 4169 la
2253 4130 2409 4181 cure,
2441 4129 2572 4169 sans
2601 4112 2892 4185 prejudice
2938 4112 3031 4167 des

861 4215 1075 4284 prieres
1106 4220 1160 4270 et
1188 4215 1285 4270 des
1316 4213 1753 4269 anniversaireS.

1250 4362 1434 4432 (Orig.
1467 4377 1514 4415 s,
1547 4359 1740 4431 parch.
1771 4358 1942 4413 Arch.
1976 4357 2052 4412 dn
2086 4357 2292 4426 Loiret,
2330 4358 2395 4413 G.
2426 4356 2571 4429 440).

871 4581 1191 4650 Omnibus
1237 4590 1573 4669 presentes
1613 4576 1858 4649 litteras
1897 4574 2292 4667 inspecturis
2341 4578 2626 4647 decanus
2663 4589 2729 4647 et
2793 4574 3015 4668 capitu-

777 4698 908 4766 lum
938 4693 1392 4765 Aurelianense
1434 4697 1703 4764 salutem
1739 4693 1801 4763 in
1843 4690 2145 4763 Domino.
2188 4690 2489 4762 Noverint
2527 4688 2806 4763 universi
2854 4692 3004 4784 quod
