3485 5571
1393 632 1754 699 —409-

443 766 761 856 (XXI)...
820 766 1000 856 Apud
1066 766 1481 834 Murelias...
1559 766 1882 856 (vnn...
1952 766 2130 856 Apud
2190 764 2686 836 Termenier...

438 882 655 971 (xltt).
694 932 712 948 .
739 933 757 949 .
807 881 986 970 Apud
1030 881 1279 949 Scalas.
1308 929 1324 946 .
1351 930 1369 948 .
1431 881 1596 971 (lv).
1627 933 1644 948 .
1672 932 1688 947 .
1728 882 1906 969 Apud
1939 882 2251 951 Gaubert.
2278 933 2294 949 .
2321 932 2337 948 .
2377 882 2595 971 (XIV).
2632 928 2686 948 ..

442 995 606 1064 Item
647 995 815 1084 apud
875 999 1167 1078 Mores..
1194 1043 1210 1061 .
1267 996 1447 1084 (Vlll)
1474 1000 1525 1062 ¹.
1554 1047 1570 1062 .
1598 1046 1614 1061 .
1657 997 1727 1063 ln
1760 995 1943 1085 cujus
1994 990 2083 1063 rei
2127 991 2565 1064 testimonium
2615 995 2693 1064 ad

439 1109 819 1199 petitionem
853 1110 1282 1199 predictarum
1319 1130 1739 1200 personarum
1784 1107 2011 1178 litteris
2062 1110 2469 1199 presentibus
2521 1106 2698 1199 sigil-

438 1224 577 1292 lum
613 1237 900 1294 nostrum
935 1220 1229 1293 duximus
1263 1224 1745 1313 apponendum.
1788 1228 2012 1293 Actum
2058 1223 2125 1291 in
2172 1220 2479 1313 capitulo,
2524 1244 2696 1294 anno

437 1334 699 1407 Domini
741 1335 1087 1407 millesimo
1128 1338 1270 1406 CCL
1311 1358 1509 1420 nono,
1555 1359 1780 1408 mense
1820 1334 2133 1426 ianuario,
2176 1339 2409 1407 Datum
2463 1338 2689 1407 eodem

439 1472 642 1538 anno,
686 1473 907 1523 mense
940 1450 1282 1523 februario.

1473 1793 1686 1857 CCCVI

1309 2071 1344 2133 2
1371 2071 1636 2152 janvier
1665 2070 1824 2135 1269

440 2270 914 2327 Amortissement
944 2286 1046 2341 par
1066 2270 1324 2343 Geoffroy
1353 2271 1423 2326 de
1447 2272 1753 2328 Malmusse
1781 2289 1851 2327 en
1892 2272 2086 2327 saveur
2115 2272 2190 2326 du
2222 2272 2472 2344 chapitre
2518 2271 2692 2327 d’une

680 2368 828 2423 dime
855 2384 965 2440 que
989 2369 1163 2423 tenait
1189 2368 1259 2423 de
1286 2369 1364 2423 lui
1388 2370 1419 2424 ὁ
1439 2369 1971 2425 Nouan-sur-Loire
1990 2369 2018 2421 J
2026 2386 2130 2424 ean
2161 2370 2446 2426 Garnaud.

904 2513 1078 2584 (Orig.
1112 2531 1159 2569 s.
1200 2515 1394 2585 parch.
1426 2515 1598 2571 Arch.
1631 2515 1707 2570 du
1732 2515 1942 2582 Loiret,
1972 2515 2037 2570 G.
2072 2514 2227 2586 356.)

532 2734 850 2807 Omnibus
881 2748 1218 2827 presentes
1246 2735 1491 2808 litteras
1523 2734 1914 2828 inspecturis
1957 2735 2248 2810 officialis
2285 2736 2459 2809 curie
2490 2742 2687 2810 Aure·

431 2849 748 2922 lianensis
778 2853 1047 2922 salntem
1079 2849 1145 2920 in
1184 2851 1483 2923 Domino.
1528 2851 1838 2923 Noverint
1875 2852 2153 2924 universi
2195 2856 2367 2944 quod
2430 2851 2494 2923 in
2530 2877 2683 2925 nos-

427 2979 532 3036 tra
566 2961 886 3056 presentia
953 2963 1342 3036 constitutus
1409 2964 1750 3037 Gaufridus
1803 2969 1885 3037 de
1942 2970 2313 3050 Malemuce,
2376 2966 2675 3059 armiger,

430 3079 683 3172 primus
718 3080 1026 3149 dominus
1055 3081 1351 3163 feodalis,
1400 3092 1470 3149 ut
1530 3078 1711 3166 dicit,
1753 3084 2085 3173 quusdam
2141 3081 2391 3154 decime
2448 3081 2569 3154 site
2617 3082 2683 3152 in

431 3192 768 3286 parrochia
827 3197 907 3264 de
959 3192 1223 3265 Noemio
1263 3194 1328 3264 in
1379 3193 1529 3264 vino
1567 3208 1633 3266 et
1679 3197 1869 3265 blado
1899 3209 1963 3267 et
1992 3194 2139 3267 aliis
2177 3199 2524 3281 fructibus,
2559 3219 2683 3289 que

431 3306 684 3379 decima
747 3310 1071 3400 quondam
1130 3306 1250 3377 fuit
1296 3310 1611 3383 Johannis
1688 3313 1991 3393 Garnam,
2042 3308 2534 3381 admortificavit
2602 3312 2683 3381 ad

429 3444 603 3514 opus
634 3420 859 3493 decani
910 3434 974 3492 et
1012 3419 1274 3513 capituli
1322 3422 1802 3494 Aurelianensis
1854 3438 1917 3494 et
1963 3422 2255 3514 promisit
2309 3446 2421 3515 per
2482 3427 2681 3496 fidem

428 3560 618 3609 suam
648 3536 711 3608 in
755 3559 947 3607 manu
980 3550 1195 3607 nostra
1237 3536 1565 3629 prestitam
1603 3540 1774 3627 quod
1803 3552 2022 3609 contra
2058 3541 2293 3610 dictam
2330 3539 2679 3612 admortifi·

429 3650 763 3723 cacionem
797 3653 939 3741 jure
980 3650 1351 3722 hereditatis
1391 3652 1525 3722 sive
1558 3655 1845 3742 quolibet
1883 3652 2007 3723 aiio
2026 3656 2170 3744 jure
2199 3675 2310 3746 per
2341 3676 2412 3725 se
2446 3656 2542 3725 vel
2570 3677 2683 3744 per

431 3765 631 3838 alium
671 3788 799 3836 non
841 3763 1052 3836 veniet
1116 3767 1179 3835 in
1239 3768 1549 3838 futurum.
1594 3770 1794 3839 Immo
1842 3766 2155 3858 promittit
2195 3766 2362 3838 dicta
2425 3770 2549 3840 fide
2610 3791 2680 3840 se

433 3879 925 3971 garentiturum‚
970 3879 1386 3950 liberaturum
1437 3893 1502 3950 et
1553 3882 1987 3951 deffensurum
2044 3896 2365 3973 tamquam
2434 3882 2680 3974 primus

436 3996 742 4064 dominus
808 3993 978 4065 leodi
1032 3993 1201 4066 dicte
1259 3994 1507 4067 decime
1565 3997 1919 4088 predictam
1985 4000 2307 4069 decimam
2367 4011 2679 4091 perpetuo

434 4109 681 4178 decano
737 4122 798 4178 et
834 4107 1114 4198 capitulo
1171 4108 1468 4201 superius
1519 4110 1889 4182 nominatis.
1936 4116 2285 4183 Confessus
2325 4128 2426 4184 est
2484 4116 2675 4185 etiam

434 4243 649 4292 coram
684 4220 870 4293 nobis
900 4225 1132 4314 injure
1174 4224 1385 4294 dictus
1429 4223 1768 4296 Gauiridus
1799 4230 1965 4317 quod
2008 4227 2250 4319 recepit
2289 4250 2323 4297 a
2352 4226 2543 4299 dictis
2568 4229 2678 4299 de-

502 4567 522 4602 ¹
560 4569 880 4641 Repetition
924 4571 999 4626 du
1048 4587 1181 4627 nom
1226 4576 1280 4627 et
1319 4571 1398 4628 du
1451 4570 1694 4628 nombre
1732 4575 1808 4643 (p.
1837 4570 1965 4639 408,
1998 4574 2036 4628 l.
2067 4573 2185 4645 29),
2218 4589 2290 4629 ou
2324 4573 2441 4629 l'un
2471 4574 2677 4630 Moret-

432 4667 730 4727 sur-Gonia
759 4674 810 4723 et
839 4667 1036 4727 l'autre
1066 4669 1247 4727 Moret
1279 4670 1636 4743 (Rouvrayri
