3485 5571
1391 656 1744 720 -351-

1435 1034 1653 1095 chvl
1667 1035 1685 1094 Ι

1330 1332 1594 1397 Fevrier
1637 1333 1796 1399 1240

445 1610 637 1680 Henri,
664 1608 844 1681 doyen
873 1609 942 1664 de
965 1609 1608 1681 St-Pierre·le·Puellier,
1641 1611 1942 1667 executeur
1966 1612 2383 1667 testamentaire
2404 1612 2690 1684 d’Hugues

507 1706 560 1761 le
591 1705 724 1777 Cop,
766 1705 1065 1778 chevalier,
1096 1707 1240 1763 vend
1287 1708 1319 1762 a
1361 1706 1660 1778 Regnaud,
1698 1707 2047 1764 archidiacre
2076 1708 2146 1763 de
2175 1708 2437 1779 Sologne,
2469 1725 2542 1765 au
2569 1710 2691 1781 prix

507 1802 576 1856 de
605 1802 676 1857 25
706 1802 876 1858 livres
901 1803 1121 1874 parisis,
1151 1808 1305 1859 toute
1334 1804 1387 1859 la
1415 1804 1564 1859 dlme
1585 1820 1779 1874 grosse
1802 1810 1855 1859 et
1877 1820 2081 1860 menue
2112 1821 2223 1877 que
2253 1805 2387 1862 ledit
2415 1806 2693 1862 chevalier

509 1899 678 1954 tenait
705 1899 946 1955 d’Herve
975 1900 1275 1956 Sanzavoir
1302 1901 1333 1955 a
1362 1902 1563 1956 Josnes
1591 1917 1664 1956 su
1689 1900 1802 1956 lieu
1830 1900 1911 1957 dit
1939 1902 2046 1974 Izy.

981 2044 1158 2115 (Orig.
1190 2061 1238 2099 s.
1266 2045 1459 2117 perch.
1491 2045 1663 2101 Areh.
1698 2044 1775 2101 du
1806 2046 2016 2115 Loiret,
2046 2045 2141 2116 G.)

524 2265 844 2340 Omnibus
904 2280 1241 2358 presentes
1300 2265 1543 2339 litteras
1600 2265 2018 2358 inspecturis,
2043 2268 2350 2341 officialis
2397 2270 2689 2343 Aurelia-

437 2381 658 2454 nensis
697 2383 968 2455 salutem
1008 2380 1073 2451 in
1114 2383 1414 2452 Domino.
1472 2379 1775 2452 Noverint
1831 2380 2109 2454 universi
2148 2386 2321 2475 quod
2362 2390 2426 2454 ln
2470 2398 2688 2458 nostra

434 2494 761 2588 presentia
810 2495 1199 2568 constitutus
1245 2498 1584 2579 Henricus,
1630 2498 1915 2567 decanus
1956 2495 2173 2567 Sancti
2219 2497 2388 2569 Petri
2429 2501 2685 2570 Puella-

431 2632 572 2679 rum
641 2606 1143 2693 Aurelianensis,
1211 2622 1520 2699 exequtor
1588 2607 1958 2679 testamenti
2029 2612 2313 2700 Hugonis
2380 2615 2461 2682 Le
2525 2614 2686 2703 Cop,

436 2722 684 2808 militis,
744 2737 939 2795 totam
999 2725 1315 2795 decimam
1375 2736 1503 2794 tam
1556 2745 1847 2815 grossam
1885 2745 2076 2817 quam
2119 2723 2429 2796 minutam
2491 2748 2686 2817 quam

430 2837 602 2910 idem
645 2840 986 2910 defunctus
1024 2840 1283 2910 tenebat
1331 2841 1482 2909 dum
1530 2837 1780 2909 vivebat
1818 2841 1897 2909 ab
1940 2841 2179 2910 Herveo
2231 2838 2404 2912 dicto
2457 2844 2687 2912 Sanza-

430 2952 595 3038 voir,
641 2951 825 3023 sitam
858 2952 923 3021 in
964 2951 1262 3043 parocbia
1321 2954 1400 3023 de
1455 2957 1701 3023 Jaunna
1756 2954 1923 3043 apud
1986 2955 2198 3023 locum
2254 2956 2360 3044 qui
2410 2957 2686 3026 Iriacum

429 3066 774 3158 vulgariter
835 3081 1262 3159 nuncupatur,
1305 3065 1372 3137 in
1433 3090 1557 3158 qua
1607 3066 1855 3138 decima
1913 3066 2184 3158 percipit
2237 3069 2554 3159 presbiter
2607 3072 2687 3141 de

426 3182 677 3250 Jaunna
734 3177 1074 3251 duodecim
1128 3178 1361 3263 minas,
1421 3176 1718 3250 videlicet
1758 3202 1867 3249 sex
1906 3201 2107 3251 avene
2146 3195 2212 3251 et
2249 3204 2359 3252 sex
2401 3180 2687 3254 mixteoli

429 3293 786 3379 annuatim,
823 3292 1106 3364 vendidit
1131 3307 1196 3364 et
1221 3292 1487 3384 quitavit
1516 3295 1652 3364 viro
1682 3292 2033 3364 venerabili
2062 3296 2440 3386 Ragiualdo‚
2474 3295 2684 3367 archi-

430 3407 706 3479 diacono
738 3405 1084 3498 Sigalouie‚
1131 3405 1391 3478 nomine
1430 3421 1494 3478 et
1541 3410 1620 3477 ad
1653 3430 1817 3498 opus
1856 3406 2133 3479 ecclesie
2173 3408 2684 3497 Aurelianensi8‚

433 3521 654 3613 precio
684 3519 901 3611 viginti
959 3521 1243 3612 quinque
1265 3520 1569 3592 librarum
1609 3519 2062 3612 parisiensium
2097 3524 2176 3594 de
2204 3522 2439 3613 quibus
2479 3524 2688 3597 dictus

428 3640 719 3708 decanus
775 3658 989 3708 coram
1046 3637 1234 3707 nobis
1273 3659 1344 3708 se
1384 3638 1591 3709 tenuit
1627 3638 1878 3728 integre
1919 3660 2032 3729 pro
2072 3651 2329 3729 pagato,
2371 3641 2496 3710 lide
2540 3643 2686 3712 data

429 3753 816 3843 promittens
867 3775 939 3824 se
978 3754 1219 3823 dictam
1263 3751 1696 3824 venditionem
1753 3752 2214 3842 garantiturum
2271 3755 2350 3825 ad
2407 3778 2562 3826 usus
2624 3769 2688 3827 et

428 3863 940 3937 consuetudines
996 3863 1489 3936 Aurelianenses
1547 3865 1722 3934 dicto
1777 3863 2233 3937 archidiacono
2291 3878 2357 3937 et
2408 3865 2686 3940 ecclesie

427 3978 897 4050 Aurelianensi.
944 3982 1118 4050 Hauc
1146 3993 1359 4049 autem
1390 3978 1828 4050 venditionem
1865 3980 2204 4050 voluerunt
2242 3983 2441 4067 Auda,
2482 3995 2687 4053 mater

428 4090 589 4164 dicti
660 4093 941 4164 defuncti
1020 4091 1327 4184 Hugonis,
1371 4106 1434 4164 et
1475 4090 1704 4175 Gricia,
1750 4092 1969 4163 relicta
2033 4095 2323 4184 ejusdem
2377 4095 2685 4185 Hugonis.

427 4210 762 4279 lohannes
798 4220 863 4277 et
905 4206 1303 4293 Helisendes,
1369 4205 1562 4279 dicte.
1593 4205 1816 4278 relicte
1854 4205 1991 4290 filii,
2036 4225 2510 4280 concesserunt
2562 4212 2688 4282 fide

433 4315 644 4389 media
684 4315 1134 4408 promittentes
1164 4318 1334 4407 quod
1373 4315 1439 4385 in
1479 4315 1648 4387 dicta
1688 4313 1938 4386 decima
1981 4313 2228 4387 ratione
2266 4315 2548 4387 dotalicii
2590 4318 2688 4388 vel

429 4430 553 4503 alia
591 4454 994 4523 quacumque
1049 4434 1127 4502 de
1168 4453 1361 4501 causa
1429 4429 1622 4500 nicbil
1662 4432 1963 4501 decetero
2024 4433 2491 4501 reclamabunt.
2533 4434 2689 4501 Pre-

433 4561 609 4618 terea
649 4544 860 4617 dictus
901 4549 1205 4628 Herveus,
1251 4548 1330 4615 de
1370 4547 1555 4635 cujus
1587 4546 1773 4615 feodo
1801 4543 1969 4615 dicta
2011 4545 2257 4615 decima
2301 4544 2505 4636 primo
2547 4547 2689 4615 loco

432 4683 689 4734 movere
719 4659 976 4749 dicitur,
1018 4674 1082 4731 et
1122 4658 1507 4751 Reginaldus
1534 4660 1897 4744 Sanzavoir,
1930 4657 2143 4744 mileS‚
2173 4661 2254 4730 de
2286 4661 2470 4750 cujus
2502 4661 2690 4731 feodo
