3485 5571
1767 664 2124 727 ,294-

1856 1112 2027 1175 CCIV

1681 1417 2012 1497 Etampes‚
2055 1416 2216 1480 1225

821 1691 1031 1747 Robert
1059 1692 1128 1748 de
1176 1692 1277 1748 Val
1307 1691 1759 1749 saint-Germain
1785 1693 1940 1748 vend·
1958 1709 2032 1748 au
2056 1693 2309 1765 chapitre
2336 1697 2460 1748 tout
2490 1708 2554 1747 ce
2583 1691 2716 1763 qu'il
2745 1688 2960 1761 possode
2977 1701 3036 1742 en

1427 1788 1484 1843 la
1507 1787 1758 1859 paroisse
1787 1788 2083 1859 d’Aulnay,
2111 1788 2240 1843 saur
2263 1786 2317 1841 le
2347 1786 2463 1844 fiel.

1323 1957 1500 2029 (Or-ig.
1532 1974 1581 2016 s·
1609 1959 1802 2030 parch.
1833 1958 2005 2015 Arch.
2047 1957 2124 2013 du
2154 1957 2363 2027 Loiret,
2400 1957 2520 2025 G.).

914 2204 1313 2286 willermuS,
1353 2215 1579 2271 cantor
1606 2204 1798 2272 Beate
1861 2199 2077 2283 Maric,
2119 2212 2183 2270 et
2225 2205 2475 2281 Petrus»,
2512 2202 2798 2271 decanus
2833 2201 3036 2268 Sancte

827 2315 1048 2387 Crucis
1089 2314 1649 2406 Stampens[ium],
1691 2312 1996 2384 omnibus
2033 2328 2370 2405 presentes
2405 2314 2652 2385 litteras
2683 2308 3034 2404 inspecturis

826 2433 1098 2500 salutem
1139 2428 1201 2497 in
1244 2427 1538 2499 Domino.
1582 2425 1883 2498 Noverint
1914 2427 2190 2499 universi
2232 2430 2403 2518 quod
2430 2429 2754 2498 Robertus
2780 2426 2945 2496 miles
2968 2425 3033 2492 de

825 2546 999 2613 Vane
1040 2541 1252 2612 Sancti
1295 2542 1589 2613 Germani
1612 2555 1675 2613 et
1716 2543 2026 2625 Ammine,
2070 2566 2224 2614 uxor
2253 2544 2415 2634 ejus,
2462 2544 2526 2611 in
2560 2555 2780 2613 nostra
2810 2559 3035 2632 presen-

828 2657 925 2728 cia
959 2656 1315 2739 constituti,
1348 2658 1471 2728 fide
1512 2656 1826 2747 corporali
1859 2658 2122 2748 prestita
2148 2657 2297 2730 viris
2319 2657 2789 2728 venerabilibus
2824 2657 3032 2726 decano

829 2788 893 2844 et
931 2770 1210 2862 capitulo
1249 2768 1815 2842 Aurelianensibus
1851 2770 2157 2863 quidquid
2199 2772 2262 2842 in
2304 2770 2636 2864 parrochia
2668 2768 2867 2843 Alneti
2891 2763 3036 2861 posi·

831 2888 1066 2957 debant
1105 2887 1302 2956 situm
1344 2887 1409 2954 in
1453 2884 1700 2956 decima
1745 2889 1841 2957 vel
1884 2901 2048 2956 terra
2097 2906 2161 2956 et
2199 2885 2649 2976 herbernagio‚
2692 2908 2820 2956 uno
2854 2897 3032 2953 tamen

831 3014 1097 3091 excepto
1145 3002 1359 3081 feodo,
1401 2998 1854 3070 vendiderunt.
1907 3004 2080 3070 Hanc
2139 2997 2333 3092 igitur
2370 2998 2821 3071 vendicionem
2853 2997 3035 3068 landa·

831 3128 1058 3185 verunt
1095 3115 1223 3184 duo
1262 3112 1369 3182 filii
1410 3115 1786 3185 eorumdem
1842 3118 2167 3186 Johannes'
2205 3129 2270 3185 et
2312 3112 2601 3185 Feri-icus
2665 3128 2730 3184 et
2778 3130 2898 3184 tres
2931 3110 3035 3178 filie

834 3227 1116 3311 Fleticia,
1161 3227 1484 3318 Margarita
1522 3240 1586 3298 et
1626 3227 1811 3297 Maria
1849 3250 1993 3298 cum
2028 3227 2272 3298 maritis
2291 3229 2688 3314 earumdem,
2733 3229 2853 3298 fide
2887 3220 3035 3296 simi-

832 3341 976 3412 liter
1010 3342 1270 3432 prestita
1297 3340 1745 3433 promittentes
1785 3344 1956 3431 quod
1998 3344 2363 3434 hujusmodi
2391 3340 2835 3413 vendicionem
2862 3361 2957 3432 per
2979 3358 3034 3406 se

835 3461 930 3525 vel
972 3478 1085 3546 per
1122 3455 1282 3525 alios
1318 3478 1446 3526 non
1515 3445 1798 3526 facerent
1861 3454 2193 3526 infirmari.
2237 3461 2462 3527 Actum
2530 3458 2698 3547 apud
2747 3460 3030 3544 StampaS,

832 3592 1002 3640 anno
1037 3569 1296 3640 Domini
1334 3568 1676 3640 millesimo
1698 3567 2142 3640 ducentesimo
2182 3569 2489 3660 vigesimo
2522 3568 2772 3661 quinto.
