3485 5571
1418 654 1777 719 -339-

480 779 698 853 mabit.
732 784 906 853 Hanc
936 780 1132 853 etiam
1163 780 1669 873 assignationem
1692 796 1756 855 et
1786 781 2198 855 traditionem
2222 780 2581 855 Willelmus
2605 788 2723 856 Bu·

475 893 830 980 ticularius,
892 893 1104 979 miles,
1170 918 1209 966 a
1240 919 1368 988 quo
1435 896 1646 969 dictus
1686 899 1867 988 Hugo
1907 895 2142 969 dictam
2201 910 2461 982 terram,
2545 900 2722 969 nullo

474 1007 881 1098 imermedio,
916 1012 1178 1081 tenebat
1213 1010 1281 1080 in
1307 1013 1591 1095 feodum,
1619 1033 1836 1082 coram
1874 1010 2062 1083 nobis
2129 1010 2479 1093 concessit,
2529 1011 2725 1083 voluit

473 1136 538 1196 et
581 1122 880 1195 laudavit.
929 1121 1273 1196 Kar-issima
1304 1125 1496 1196 etiam
1556 1123 1816 1196 domina
1865 1124 2261 1216 Isenburgis,
2340 1129 2725 1197 Francorum

476 1236 694 1329 regina
749 1237 1047 1322 illustris,
1101 1261 1137 1309 a
1193 1262 1315 1331 qua
1369 1238 1539 1311 idem
1606 1239 1969 1311 Willelmus
2008 1242 2265 1311 feodum
2316 1239 2484 1310 dicte
2529 1252 2722 1325 terre,

472 1351 719 1425 ratione
749 1351 1030 1424 dotalicii
1054 1352 1176 1439 sui,
1245 1351 1615 1426 immediate
1678 1358 1963 1439 tenebat,
2014 1351 2523 1444 prenominatam
2566 1354 2730 1426 assi-

473 1466 846 1558 gnationem
920 1480 984 1538 et
1070 1465 1482 1539 traditionem
1570 1467 1923 1551 concessit,
2003 1465 2203 1539 voluit
2284 1480 2349 1539 et
2414 1468 2722 1541 laudavit.

472 1584 814 1653 Eustachia
870 1581 1090 1667 etiam,
1136 1604 1290 1652 uxor
1329 1583 1481 1653 dicti
1543 1581 1830 1673 Hugonis
1871 1581 2270 1667 Buticularii,
2327 1582 2720 1674 sepedictam

472 1694 975 1786 assignationem
1007 1708 1073 1767 et
1132 1694 1538 1767 traditionem
1574 1699 1775 1769 voluit
1815 1709 1879 1768 et
1901 1696 2249 1781 concessit,
2300 1698 2425 1768 fide
2468 1697 2728 1789 prestita

474 1811 786 1904 corporali
861 1811 1245 1904 promittens
1315 1816 1486 1902 quod
1554 1810 1804 1883 ratione
1874 1809 2155 1884 dotalicii
2231 1814 2329 1883 vel
2390 1814 2514 1883 alia
2574 1836 2728 1903 qua-

477 1950 756 2017 cumque
823 1925 1070 1998 ratione
1113 1928 1314 1998 nichil
1383 1929 1683 1998 decetero
1731 1927 1798 1996 in
1869 1924 2037 1998 dicta
2104 1939 2269 1998 terra
2349 1948 2462 2019 per
2519 1949 2591 1998 se
2633 1930 2732 1999 vel

479 2062 589 2133 per
641 2037 834 2111 alium
887 2040 1285 2111 reclamabit.
1324 2045 1550 2112 Actum
1617 2036 1999 2122 Aurelianis,
2042 2062 2213 2112 anno
2275 2037 2532 2111 Domini
2572 2041 2730 2110 MCC

475 2153 802 2225 tricesimo
835 2168 1038 2239 sexto,
1075 2177 1299 2227 mense
1328 2153 1679 2227 decembri.

1467 2521 1742 2584 CCXLVl

1321 2795 1680 2859 Decembre
1714 2797 1871 2886 1236

746 3025 976 3094 Hugues
1001 3023 1055 3078 le
1083 3023 1391 3078 Bouteiller
1445 3023 1628 3079 ratifie
1657 3024 1711 3078 la
1741 3024 2071 3095 precedente
2096 3025 2454 3095 assignation.

903 3170 1075 3240 (Orig.
1112 3186 1214 3225 sur
1239 3171 1432 3242 parch.
1472 3170 1643 3225 Arch.
1689 3170 1766 3226 du
1796 3170 2002 3241 Loiret‚
2036 3171 2101 3225 G.
2143 3171 2293 3242 492).

534 3291 707 3364 (Pub.
728 3290 1016 3347 Bulletins
1045 3290 1112 3347 de
1143 3293 1203 3346 la
1234 3291 1355 3349 Soc.
1386 3292 1655 3347 Archeol.
1686 3291 1756 3346 de
1788 3291 2160 3362 l’Orldanais,
2189 3299 2229 3349 t.
2250 3293 2398 3359 VIII,
2429 3310 2483 3364 p.
2514 3293 2667 3365 510).

568 3524 700 3613 Ego
728 3524 909 3612 Hugo
946 3519 1396 3605 ButiculariuS‚
1453 3521 1667 3606 miles,
1710 3536 1935 3594 notum
1980 3520 2144 3594 facio
2203 3520 2520 3595 universis
2573 3545 2726 3614 pre-

477 3650 700 3709 sentes
738 3635 981 3707 litteras
1042 3637 1459 3726 inspecturis.
1520 3638 1691 3727 quod
1766 3658 1912 3707 cum
1987 3634 2366 3709 karissimus
2423 3636 2724 3708 dominus

478 3771 663 3821 meus
738 3744 1124 3832 Ludovicus,
1159 3770 1267 3819 rex
1306 3751 1692 3819 Francorum
1737 3747 2033 3834 illustris,
2105 3748 2449 3821 occasione
2509 3750 2725 3841 cujus-

481 3865 628 3934 dam
663 3859 808 3934 l‘acti
842 3864 1016 3952 quod
1074 3884 1272 3953 super
1312 3861 1642 3934 occisione
1697 3862 2080 3936 clericorum
2138 3861 2496 3936 Aurelianis
2558 3866 2722 3935 facta

480 3975 675 4048 michi
715 3974 1189 4068 imponebatur,
1220 3999 1333 4067 per
1371 3975 1614 4047 dictum
1681 3990 1747 4048 et
1786 3976 2254 4049 ordinationem
2318 4000 2501 4049 suam
2567 3979 2727 4050 duo-

480 4090 691 4163 decim
730 4090 989 4162 libratas
1019 4106 1187 4163 terre
1226 4114 1396 4177 mee,
1429 4094 1508 4162 ad
1570 4115 1734 4184 opus
1790 4094 2124 4183 cujusdam
2177 4093 2554 4186 capellanie,
2603 4098 2728 4164 Au-

483 4205 742 4278 relianis
782 4205 1093 4289 faciende,
1148 4204 1508 4289 retinuerit,
1562 4219 1626 4277 et
1685 4205 1905 4278 dilecti
1946 4206 2072 4277 mei
2133 4208 2439 4299 magister
2490 4210 2728 4279 Johan-

482 4343 602 4391 nes
638 4319 848 4390 dictus
882 4321 1123 4401 Pullus,
1158 4318 1434 4391 clericus
1459 4322 1755 4411 ejusdem
1797 4319 2043 4391 domini
2081 4321 2276 4412 regiS,
2302 4324 2583 4393 etAdam
2616 4325 2734 4392 Pa·-

487 4433 796 4516 netariuS,
845 4430 1137 4503 baillivus
1202 4432 1630 4526 Stampensis,
1694 4437 1775 4506 de
1825 4436 2126 4506 mandato
2199 4434 2406 4525 ipsius
2485 4434 2730 4506 domini

487 4546 659 4639 regis
699 4570 814 4638 pro
856 4546 1044 4618 dictis
1094 4550 1440 4619 duodecim
1516 4546 1764 4619 libratis
1812 4547 2008 4619 annui
2058 4548 2348 4620 redditus
2405 4551 2483 4618 ad
2568 4572 2733 4640 opus

487 4661 658 4734 dicte
698 4661 1049 4752 capellanie
1103 4661 1572 4753 assignaverint
1599 4675 1665 4736 et
1719 4662 2096 4734 tradiderint
2128 4662 2411 4754 capitulo
2452 4665 2738 4736 Aurelia·-
