3485 5571
1438 610 1519 622 -
1560 576 1638 640 67
1688 610 1757 622 .-

480 708 718 777 nostris
778 702 1222 776 auctoritatem
1287 702 1685 774 inmunitatis
1754 703 1972 774 domni
2029 718 2092 773 et
2157 700 2467 793 genitoris
2512 704 2714 773 nostri

480 824 660 891 bonae
699 817 1024 890 memoriae
1066 815 1273 888 Caroli
1314 815 1584 908 piissimi
1632 815 1913 906 augusti,
1953 816 2016 885 in
2064 838 2185 908 qpa
2225 829 2359 886 erat
2401 813 2713 885 insertum

476 936 643 1024 quod
675 933 847 1004 idem
879 931 1131 1020 genitor
1171 945 1391 1002 noster
1433 945 1496 1002 et
1531 934 2044 1021 praedecessores
2087 932 2255 1022 ejus,
2316 952 2501 1020 reges
2541 927 2716 1001 vide·

478 1046 625 1118 licet
664 1050 1073 1125 Francorum,
1118 1041 1456 1115 ecclesiam
1490 1047 1740 1114 Sanctae
1797 1041 2043 1124 Crucis,
2111 1041 2212 1115 cui
2264 1057 2525 1114 auctore
2581 1047 2715 1113 Deo

477 1160 614 1252 ipse
652 1159 1048 1230 Tbeodull'us
1085 1160 1383 1250 praelatus
1431 1171 1557 1240 est,
1620 1161 1741 1228 sub
1786 1180 1904 1228 suo
1962 1155 2313 1228 munimine
2371 1172 2433 1228 et
2473 1159 2716 1228 deffen-

476 1272 658 1345 sione
693 1271 1050 1344 consistere
1090 1269 1418 1357 fecissent,
1463 1285 1526 1342 et
1564 1292 1783 1342 eorum
1825 1268 2277 1341 inmunitatum
2317 1269 2719 1342 auctoritati-

477 1390 597 1457 bus
636 1389 949 1456 bactenus
989 1382 1532 1475 abinquietudine
1563 1382 1917 1474 judiciariae
1958 1382 2295 1474 potestatis
2323 1386 2547 1455 eadem
2577 1407 2717 1455 mu·

475 1499 607 1571 nita
644 1515 837 1591 atque
878 1501 1140 1571 defensa
1180 1495 1405 1568 suisset
1447 1497 1746 1568 ecclesia.
1792 1500 1890 1567 Ob
1951 1499 2045 1568 rei
2088 1512 2298 1569 tamen
2353 1499 2714 1571 firmitatem

476 1616 823 1708 postulavit
887 1614 1073 1684 nobis
1119 1611 1288 1683 idem
1349 1613 1742 1682 Tlieodull'us
1806 1610 2151 1703 episcopus
2226 1627 2316 1696 ut,
2386 1629 2718 1707 paternum

474 1752 721 1802 morem
761 1742 1137 1820 sequenteS,
1182 1740 1416 1798 nostrae
1456 1724 1859 1796 inmunitatis
1891 1741 2279 1818 praeceptum
2322 1727 2536 1800 eidem
2585 1727 2721 1800 fieri

474 1865 896 1917 censeremus
944 1839 1264 1913 ecclesiae.
1333 1842 1526 1931 Cujus
1586 1838 1874 1931 petitioni
1926 1839 2198 1913 libenter
2248 1842 2615 1930 adnuimus,
2657 1857 2724 1915 et

473 1962 599 2031 boc
638 1971 881 2030 nostrae
909 1954 1308 2026 inmunitatis
1349 1969 1739 2046 praeceptum
1781 1978 1895 2046 pro
1925 1954 2121 2026 divini
2163 1959 2373 2029 cultus
2403 1981 2619 2030 amore
2659 1973 2724 2030 et

474 2075 712 2145 animae
748 2085 986 2143 nostrae
1015 2069 1298 2142 remedio
1337 2091 1485 2160 erga
1540 2068 1742 2160 ipsam
1791 2074 2090 2141 Sanctam
2126 2074 2357 2143 Sedem
2420 2072 2556 2144 fieri
2617 2074 2724 2144 de-

474 2187 796 2260 crevimus
828 2210 844 2255 :
875 2208 988 2277 per
1016 2181 1623 2276 quodspraecipimus
1651 2199 1844 2274 atque
1866 2187 2171 2276 jubemus
2205 2200 2273 2256 ut
2298 2190 2512 2258 nullus
2532 2189 2725 2278 judex

476 2300 804 2395 publicus,
845 2302 942 2371 vel
982 2296 1252 2390 quilibet
1302 2321 1376 2368 ex
1430 2295 1767 2388 judiciaria
1816 2314 2159 2390 potestate,
2219 2316 2328 2372 aut
2389 2305 2602 2372 nullus
2651 2325 2726 2374 ex
2771 2389 2780 2396 ,

475 2415 777 2488 fidelibus
817 2414 1054 2486 nostris
1095 2430 1220 2484 tam
1279 2411 1702 2504 praesentibus
1741 2437 1932 2505 quam
1973 2429 2035 2485 et
2100 2417 2354 2500 suturis,
2415 2415 2477 2487 in
2517 2421 2727 2489 eccle-

477 2530 610 2603 sias
646 2545 757 2602 aut
787 2533 924 2602 loca
953 2531 1048 2600 vel
1080 2550 1268 2619 agros
1290 2551 1404 2599 seu
1433 2528 1710 2619 reliquas
1739 2530 2188 2619 possessiones
2222 2555 2382 2623 quas
2417 2534 2727 2604 moderno

477 2661 775 2738 tempore
811 2643 874 2714 in
942 2641 1334 2734 quibuslibet
1410 2641 1591 2734 pagis
1633 2645 1727 2714 vel
1800 2643 2134 2716 territoriis
2201 2643 2358 2717 inira
2419 2647 2725 2718 ditionem

478 2758 732 2852 imperii
764 2757 964 2831 nostri
998 2759 1173 2849 juste
1204 2771 1268 2829 et
1306 2756 1595 2850 legaliter
1633 2772 1985 2831 memorata
2049 2774 2224 2832 tenet
2286 2763 2381 2833 vel
2444 2760 2732 2853 possidet

477 2873 785 2958 ecclesia,
830 2896 950 2944 nec
990 2871 1054 2942 in
1079 2895 1191 2943 eas
1230 2895 1334 2944 res
1372 2896 1517 2963 quae
1548 2871 1852 2965 deinceps
1880 2898 1915 2945 a
1961 2873 2295 2946 catholicis
2345 2876 2493 2947 viris
2521 2876 2731 2948 eidem

480 2991 760 3062 conlatae
791 2987 1022 3059 luerint
1062 2986 1384 3071 ecclesiae,
1418 2991 1496 3058 ad
1539 3010 1769 3059 causas
1830 2988 2206 3076 audiendas,
2274 2993 2370 3061 ve!
2411 2993 2586 3062 freda
2625 3006 2735 3062 aut

477 3102 715 3172 tributa
754 3099 1090 3192 exigenda,
1130 3114 1238 3171 aut
1297 3103 1668 3172 mansiones
1736 3104 1836 3173 vel
1900 3117 2148 3194 paratas
2209 3102 2559 3185 iaciendas,
2625 3119 2735 3175 aut

479 3219 902 3308 fidejussores
935 3218 1279 3300 tollendos,
1317 3231 1426 3289 aut
1466 3217 1764 3290 homines
1792 3217 1998 3310 ipsius
2045 3220 2343 3291 ecclesiae
2383 3234 2510 3292 tam
2546 3219 2735 3311 inge-

478 3354 647 3403 nuos
674 3353 866 3421 quam
905 3353 1127 3402 servos
1168 3353 1364 3423 super
1402 3345 1634 3403 terram
1696 3330 1900 3423 ipsius
1960 3348 2446 3406 commanentes
2509 3334 2756 3422 ditrip-.

479 3449 761 3536 gendos,
805 3467 923 3516 nec
965 3447 1126 3516 ullas
1165 3445 1585 3517 redibitiones
1624 3461 1731 3517 aut
1765 3446 2042 3519 inlicitas
2091 3447 2472 3521 occasiones
2521 3449 2734 3541 requi-

484 3562 753 3642 rendas,
796 3557 1033 3630 nostris
1072 3572 1137 3631 et
1166 3559 1394 3631 luturis
1443 3559 1843 3651 temporibus
1882 3562 2129 3654 ingredi
2170 3566 2428 3648 audeat,
2491 3588 2609 3635 nec
2659 3588 2733 3635 ea

479 3697 630 3766 quae
695 3696 885 3764 supra
945 3688 1291 3745 memorata
1341 3688 1490 3745 sunt
1563 3672 1822 3765 exigere
1872 3675 2128 3769 penitus
2179 3693 2546 3770 praesumat.
2609 3682 2732 3749 Sed

482 3789 679 3860 liceat
736 3790 994 3880 praelato
1063 3789 1314 3880 praesuli
1389 3790 1652 3880 suisque
1718 3793 2210 3863 successoribus
2266 3817 2370 3865 res
2416 3793 2733 3886 praedictae

479 3902 808 3986 ecclesiae,
854 3925 999 3973 cum
1041 3902 1289 3974 cellulis
1329 3903 1452 3974 sibi
1487 3904 1822 3995 subjectiS,
1880 3920 1942 3976 et
1986 3909 2180 3978 rebus
2221 3912 2315 3981 vel
2362 3909 2734 3981 bominibus

484 4019 567 4088 ad
608 4040 681 4088 se
756 4014 1218 4107 aspicientibus
1287 4019 1384 4089 vel
1438 4002 1938 4110 pertinentibus,
2008 4025 2129 4092 sub
2198 4021 2486 4094 tuitionis
2543 4040 2733 4115 atque

486 4129 894 4201 inmunitatis
936 4145 1172 4202 nostrae
1210 4131 1635 4217 deffensione,
1670 4148 1912 4205 remota
1975 4135 2171 4207 totius
2221 4135 2577 4226 judiciariae
2627 4162 2735 4229 po-

489 4247 751 4316 testatis
787 4243 1258 4335 inquietudine,
1321 4244 1538 4336 quieto
1592 4269 1668 4317 ac
1716 4246 1916 4320 libero
1961 4252 2187 4322 ordine
2254 4250 2613 4342 possidere,
2671 4268 2735 4324 et

488 4374 713 4431 nostro
754 4360 1024 4433 fideliter
1055 4384 1276 4453 parere
1305 4360 1598 4454 imperi0,
1632 4377 1823 4454 atque
1862 4386 1979 4455 pro
2011 4363 2448 4437 incolumitate
2488 4381 2729 4451 nostra,

490 4473 812 4566 conjugis,
853 4497 927 4546 ac
969 4475 1188 4567 prolis,
1233 4499 1349 4548 seu
1415 4476 1607 4548 etiam
1666 4477 1862 4549 totius
1924 4477 2174 4572 imperii
2244 4505 2279 4551 a
2344 4484 2479 4553 Deo
2548 4481 2735 4553 nobis

490 4587 726 4659 conlati
765 4591 1033 4681 ejusque
1064 4589 1569 4664 clementissima
1597 4592 2009 4666 miseratione
2050 4595 2545 4687 perinmensum
2587 4620 2736 4668 con-
