3485 5571
1682 660 2039 725 ...436-

735 790 1045 875 incendii,
1075 790 1416 877 latrocinii,
1461 789 1817 881 sanguinis,
1864 791 2305 861 bastardorum
2338 804 2403 861 et
2427 814 2623 883 super
2654 790 2781 862 alio
2810 791 2984 862 omni

734 928 969 998 genere
1023 903 1285 995 justicie
1336 919 1402 975 et
1459 926 1655 996 super
1725 902 2018 994 pluribus
2079 903 2222 974 aliis
2270 907 2464 976 rebus
2552 919 2615 976 et
2667 904 2983 987 articuliS,

735 1049 1037 1118 expresse
1075 1041 1139 1097 et
1193 1026 1563 1118 specialiter
1600 1047 1797 1116 super
1831 1028 1956 1096 hoc
1994 1026 2166 1115 quod
2214 1047 2334 1095 nos
2375 1024 2749 1097 dicebamus
2814 1031 2987 1117 quod

737 1164 857 1213 nos
897 1155 1262 1232 poteramus
1301 1154 1366 1212 et
1398 1163 1655 1211 eramus
1692 1137 1754 1208 in
1796 1137 2216 1230 possessione
2243 1141 2343 1211 vel
2367 1138 2548 1230 quasi
2576 1140 2840 1212 tenendi
2876 1164 2989 1232 per

738 1278 856 1326 nos
882 1258 987 1326 vel
1018 1277 1129 1346 per
1157 1253 1349 1326 alium
1393 1256 1472 1325 de
1498 1255 1800 1324 mandato
1829 1266 2052 1323 nostro
2073 1251 2338 1323 assizias
2365 1277 2482 1324 seu
2509 1252 2739 1345 placita
2769 1268 2988 1325 nostra

737 1368 802 1440 in
844 1368 1012 1441 dicta
1059 1368 1203 1439 villa
1253 1371 1332 1440 de
1386 1374 1675 1459 Noemyo
1714 1380 1779 1437 et
1828 1368 1967 1457 ejus
2009 1364 2449 1458 pertinenciis,
2513 1368 2705 1440 dictis
2744 1370 2989 1440 decano

740 1497 804 1554 et
832 1485 1114 1574 capitulo
1142 1482 1512 1554 dicentibus
1549 1495 1616 1553 et
1640 1480 2083 1552 asserentibus
2112 1480 2501 1552 contrarium
2544 1504 2691 1553 esse
2739 1505 2984 1554 verum.

739 1599 1047 1684 Tandem,
1093 1596 1446 1668 deliberato
1483 1598 1800 1667 bonorum
1830 1593 2133 1676 consilio,
2177 1618 2291 1685 per
2329 1610 2810 1686 procuratorem
2838 1620 2992 1668 nos·

741 1728 907 1782 trum
947 1713 1026 1781 ad
1067 1713 1190 1781 hoc
1244 1708 1610 1801 specialiter
1667 1710 2061 1780 destinatum
2107 1721 2168 1779 et
2224 1732 2419 1800 super
2472 1708 2595 1780 hiis
2645 1713 2989 1782 habentem

739 1827 1107 1897 mandatum
1181 1823 1484 1915 speciale,
1538 1822 1603 1892 in
1675 1823 1850 1893 curia
1942 1819 2338 1893 serenissimi
2428 1822 2738 1914 principis
2824 1824 2990 1915 regis

741 1944 1127 2010 Francorum
1180 1951 1245 2009 et
1283 1960 1499 2008 coram
1544 1937 1867 2027 magistris
1918 1938 2210 2026 ejusdem
2251 1935 2455 2021 curie,
2499 1936 2561 2006 in
2606 1939 2990 2031 pallamento

741 2055 910 2144 quod
952 2050 1069 2121 tuit
1106 2053 1174 2121 in
1230 2049 1678 2122 purificatione
1728 2052 1914 2120 beate
1966 2051 2156 2121 Μαι-ἦε
2197 2048 2479 2140 Virginis
2519 2073 2687 2123 anno
2727 2051 2981 2122 Domini

743 2169 897 2236 MCC
959 2163 1402 2255 nonagesimo,
1461 2177 1762 2254 presente
1817 2178 2232 2254 procuratore
2283 2163 2599 2234 dictorum
2655 2164 2885 2236 decani
2931 2180 2992 2238 et

742 2279 1002 2372 capituli
1043 2277 1106 2347 in
1140 2280 1439 2349 omnibus
1479 2290 1542 2348 et
1573 2299 1685 2367 per
1716 2276 1933 2346 omnia
1959 2274 2167 2347 simile
2207 2278 2580 2347 mandatum
2622 2281 2903 2350 habente
2932 2294 2991 2350 et

743 2415 941 2485 super
960 2391 1085 2463 biis
1114 2392 1803 2482 consenciente‚super
1826 2389 2126 2461 omnibus
2143 2401 2207 2462 et
2232 2389 2507 2481 singuiis
2534 2391 2991 2483 premissorum

744 2504 1308 2599 compromisimus
1345 2509 1471 2577 alte
1501 2518 1571 2581 ct
1601 2507 1792 2575 basse
1822 2506 1887 2573 in
1915 2504 2344 2575 venerabilem
2379 2504 2579 2575 virum
2622 2505 2993 2597 magistrum

743 2624 1100 2692 lohannem
1144 2619 1385 2690 dictum
1449 2623 1658 2703 Barat‚
1697 2620 2002 2688 clericum
2058 2632 2122 2688 et
2175 2617 2610 2690 consiliarium
2674 2633 2992 2703 nostrum,

747 2731 1196 2828 promittentes
1227 2756 1347 2805 nos
1399 2745 1618 2804 tenere
1669 2745 1731 2803 et
1782 2730 2231 2803 inviolabiliter
2286 2735 2628 2806 observare
2686 2734 2993 2828 quicquid

747 2872 940 2941 super
976 2847 1311 2941 premissis
1356 2846 1719 2919 ordinatum
1775 2847 1968 2916 fuerit
2009 2868 2121 2936 per
2158 2869 2344 2916 suum
2384 2848 2627 2917 dictum
2679 2871 2794 2919 seu
2837 2850 3001 2921 ordi-

747 2962 1069 3035 nationem
1112 2984 1224 3033 seu
1277 2958 1783 3052 disposicionem
1824 2960 2216 3031 arbitralem.
2263 2964 2416 3030 Post
2448 2964 2573 3032 hoc
2595 2985 2745 3032 vero
2777 2961 2988 3033 dictus

748 3074 1130 3149 venerabilis
1175 3074 1266 3146 vir
1327 3075 1630 3165 magister
1689 3077 2042 3159 lohannes,
2101 3072 2291 3144 nobis
2338 3087 2403 3145 et
2442 3074 2722 3146 consilio
2775 3090 2993 3148 nostro

748 3189 1185 3284 presentibus,
1215 3189 1406 3260 etiam
1434 3186 1905 3260 venerabilibus
1929 3186 2080 3258 viris
2097 3189 2431 3279 Radulpho
2460 3190 2539 3259 de
2555 3191 2992 3273 Cheneveriis‚

748 3309 962 3397 legum
1001 3307 1387 3396 professore,
1431 3315 1497 3374 et
1550 3300 1888 3373 Guillelmo
1952 3304 2032 3372 de
2096 3305 2438 3384 Mauduno,
2493 3300 2662 3374 dicte
2724 3302 2997 3375 ecclesie

752 3417 1109 3500 canonicis,
1136 3441 1211 3489 ac
1250 3417 1536 3508 ipsorum
1576 3416 1803 3486 decani
1842 3430 1906 3486 et
1931 3414 2190 3506 capituli
2224 3415 2743 3506 procuratoribus
2773 3419 2997 3489 adhoc

752 3538 832 3606 ab
884 3532 1046 3624 ipsis
1089 3529 1454 3623 specialiter
1513 3528 1888 3600 constitutis
1953 3544 2018 3599 et
2076 3528 2437 3616 destinatis,
2506 3532 2569 3599 in
2620 3533 2825 3602 'domo
2879 3555 2989 3604 seu

754 3648 1042 3721 manerio
1103 3659 1326 3718 nostro
1386 3646 1556 3735 quod
1620 3657 1885 3713 vocatur
1923 3644 2275 3733 Bouloigne
2327 3644 2527 3734 juxta
2561 3642 2788 3728 BleziS‚
2833 3669 2996 3717 anno

753 3760 1009 3835 Domini
1052 3757 1400 3831 millesimo
1441 3759 1533 3830 CC
1571 3756 1995 3847 nonagesimo
2033 3755 2267 3848 primo,
2332 3758 2435 3828 die
2492 3757 2789 3828 mercurii
2857 3773 2999 3851 post

759 3880 990 3948 festum
1024 3873 1191 3947 beati
1250 3870 1503 3944 Matthei
1534 3869 1836 3962 apostoli,
1884 3870 2323 3961 prououciavit
2352 3873 2592 3942 dictum
2645 3895 2837 3943 suum
2889 3896 2997 3944 seu

757 3988 1235 4062 ordinacionem
1300 3986 1434 4058 sive
1491 3983 1995 4076 disposicionem
2053 3983 2416 4057 arbitralem
2492 3984 2557 4055 in
2616 3988 2738 4058 hac
2804 3989 2999 4058 forma

759 4107 1103 4176 verborum
1140 4127 1157 4173 ε

850 4223 898 4289 Α
953 4232 1100 4289 touz
1137 4240 1293 4290 ceus
1324 4215 1431 4307 qui
1461 4228 1719 4286 verront
1758 4228 1917 4286 cesa
1953 4216 2289 4305 presentes
2328 4216 2573 4301 lettres,
2617 4219 2717 4298 le,
2755 4215 3000 4286 lehan⁹

831 4533 1126 4589 variantes
1167 4532 1237 4587 de
1283 4531 1337 4586 la
1373 4534 1565 4587 charte
1612 4529 1867 4586 CCCLXI
1909 4533 2153 4600 pouvant
2196 4528 2353 4584 avoir
2400 4545 2479 4586 un
2522 4527 2729 4585 interet
2758 4527 2996 4599 linguis-

761 4631 1091 4773 utlaga-nos·
1132 4737 1192 4747 —
1226 4707 1278 4772 b)
1302 4709 1424 4773 Gie,
1447 4709 1674 4761 Johnnz.
