3485 5571
1398 661 1760 725 ...199-

428 791 656 861 teneri
699 788 939 861 suimus
968 787 1278 872 arbitrati,
1331 801 1397 860 et
1434 810 1581 860 cum
1616 787 1800 861 aliter
1837 790 1933 860 eis
1974 787 2342 861 satisfacere
2387 811 2514 859 non
2556 811 2704 880 pos-

426 925 695 987 semus,
730 905 975 975 decano
1006 916 1069 974 et
1095 902 1373 995 capitulo
1402 907 1636 975 Sancte
1658 900 1880 975 Crucis
1911 905 2143 976 domos
2180 916 2245 975 et
2270 901 2489 975 vineas
2521 926 2708 995 sepe-

426 1019 606 1089 tatas
638 1016 1027 1088 tradidimus
1057 1016 1120 1087 in
1152 1019 1465 1102 solutum,
1507 1030 1867 1090 statuentes
1905 1031 1970 1089 et
2008 1015 2265 1109 scriptis
2288 1016 2703 1108 presentibus

425 1133 503 1203 in
528 1144 915 1224 perpetuum
944 1133 1401 1203 confirmantes
1426 1144 1519 1216 ut,
1546 1129 1669 1204 nisi
1693 1153 1915 1203 comes
1934 1133 2032 1203 vel
2060 1134 2434 1223 Radulphus
2460 1135 2703 1204 Harens

427 1248 522 1317 de
565 1268 818 1317 summa
863 1248 1281 1318 ducentarum
1322 1244 1623 1316 librarum
1655 1268 1690 1316 a
1733 1245 2014 1338 capitulo
2055 1249 2289 1317 Sancte
2329 1245 2552 1317 Crucis
2591 1248 2704 1318 do-

430 1381 592 1431 mos
636 1371 702 1430 et
740 1358 959 1431 vineas
1015 1358 1374 1431 antedictas
1413 1357 1786 1443 redemerit,
1845 1381 2048 1451 penes
2083 1358 2435 1452 capitulum
2486 1359 2701 1450 ipsum

427 1485 756 1566 perpetuo
815 1475 1062 1565 absque
1100 1472 1465 1565 calumpnia
1538 1470 1748 1564 aliqua
1805 1475 1904 1545 vel
1983 1471 2504 1545 contradiccione
2543 1472 2704 1546 resi-

428 1590 640 1659 deant
673 1611 691 1672 ;
758 1599 1048 1680 tempora
1097 1586 1557 1679 redemptionis
1614 1587 1775 1658 intra
1839 1609 2081 1659 annum
2152 1601 2217 1659 et
2277 1587 2447 1660 diem
2508 1586 2702 1661 dictis

436 1704 785 1795 Radulpbo
823 1715 888 1774 et
926 1701 1146 1774 comiti
1183 1703 1673 1774 concludentes.
1714 1703 2076 1793 Capitulum
2123 1714 2339 1773 autem
2370 1702 2701 1774 concessit

430 1821 619 1908 quod
678 1820 759 1890 de
806 1820 1142 1889 domorum
1183 1830 1249 1888 et
1305 1815 1633 1888 vinearum
1674 1814 2090 1908 proventibus
2141 1818 2415 1886 Dunelm
2462 1817 2698 1909 [ensis]

432 1931 734 2025 episcopi
802 1945 867 2004 et
924 1929 1295 2024 B[ucbardi]
1387 1928 1823 2001 archidiaconi
1885 1928 2319 2001 anniversaria
2382 1926 2570 2001 faciet
2631 1944 2701 2001 et

433 2044 776 2118 canonicis
808 2043 918 2138 qui
944 2046 1304 2117 intererunt
1342 2066 1543 2135 usque
1577 2045 1657 2115 ad
1695 2043 1940 2116 solidos
1963 2047 2061 2114 LX
2092 2066 2207 2135 pro
2246 2041 2699 2114 anniversariis

432 2160 759 2233 faciendis
793 2159 1160 2233 distribuet.
1201 2165 1429 2232 Actum
1469 2182 1638 2230 anno
1675 2158 1866 2231 Verbi
1905 2155 2214 2230 incarnati
2241 2159 2556 2229 mcxcvl.

1461 2525 1671 2586 CXVll

1477 2802 1639 2866 1196

430 3058 629 3129 Henri,
662 3058 873 3129 eveque
903 3055 1216 3127 &Or-lesus,
1248 3055 1444 3111 affecte
1470 3054 1503 3110 a
1532 3070 1635 3111 son
1666 3053 2042 3110 anniversaire
2071 3070 2184 3109 une
2221 3053 2587 3112 distribution
2614 3055 2686 3111 de

681 3153 755 3209 20
781 3154 946 3208 livres
975 3169 1075 3209 sur
1102 3152 1183 3208 les
1212 3157 1400 3207 rentes
1437 3151 1507 3208 de
1541 3152 1663 3207 Bou
1691 3156 1750 3206 et
1777 3152 1857 3206 les
1884 3156 2063 3206 terres
2092 3150 2169 3206 du
2197 3150 2434 3223 Trepoy.

644 3366 653 3371 ,
742 3298 920 3369 (Orig.
942 3298 1113 3354 Arcb.
1146 3297 1224 3354 du
1252 3296 1464 3368 Loiret‚
1495 3296 1562 3353 G.
1591 3295 1696 3352 385
1720 3311 1736 3365 3
1766 3296 2015 3352 mention
2043 3294 2377 3366 Scriptum).

522 3521 592 3587 ln
632 3517 896 3588 nomine
936 3528 1159 3586 sancte
1197 3528 1258 3585 et
1313 3511 1638 3585 individue
1676 3510 2030 3597 Trinitatis,
2080 3535 2293 3584 amen.
2341 3512 2680 3599 HenricuS,

430 3629 547 3703 Dei
589 3630 791 3721 gratia
852 3626 1330 3700 Aurelianensis
1388 3625 1762 3719 episcopus,
1816 3624 2121 3697 omnibus
2160 3628 2227 3697 in
2270 3640 2677 3720 perpetuum.

429 3749 645 3830 Quum
676 3766 751 3814 ea
780 3766 907 3834 que
944 3755 1253 3834 geruntur
1282 3762 1596 3812 annorum
1649 3738 1997 3811 inveterata
2045 3737 2382 3812 curriculis
2412 3764 2680 3814 evanes-

430 3872 615 3943 cunt,
633 3858 930 3929 consulte
969 3853 1176 3947 agitur
1214 3853 1269 3926 si
1327 3877 1453 3946 que
1506 3852 1949 3945 sollempniter
2010 3867 2286 3945 aguntur
2321 3855 2676 3927 litterarum

432 3969 744 4044 memorie
765 3972 1322 4053 commendentur,
1354 3991 1436 4040 ne
1461 3990 1734 4060 quorum
1772 3966 2147 4039 memoriam
2186 3970 2462 4040 humana
2494 3970 2684 4062 tragi-

432 4085 576 4157 litas
616 4084 860 4156 diutius
906 4097 1153 4155 exstare
1195 4105 1322 4153 non
1363 4081 1619 4173 patitur,
1660 4094 1868 4153 tractu
1914 4080 2223 4174 temporis
2261 4080 2327 4153 in
2394 4085 2681 4158 recidive

433 4196 870 4271 contentionis
929 4198 1301 4288 scrupulum
1369 4198 1757 4267 relabantur.
1827 4199 2178 4288 Eapropter
2225 4219 2260 4267 a
2309 4197 2679 4289 cognitione

436 4315 833 4406 presentium
909 4312 1207 4383 volumus
1252 4311 1583 4402 pervenire
1622 4313 1700 4381 ad
1742 4309 2035 4381 notitiam
2093 4313 2452 4384 futurorum
2479 4316 2679 4404 quod,

436 4426 500 4498 in
547 4425 904 4499 remedium
956 4423 1168 4496 anime
1197 4437 1440 4516 nostre,
1476 4423 1751 4497 ecclesie
1789 4424 2321 4499 victoriosissime
2360 4439 2425 4499 et
2463 4427 2683 4500 saluti-

442 4544 568 4613 t'ere
607 4537 831 4611 Crucis
897 4541 1002 4611 XX
1042 4536 1234 4609 libras
1272 4535 1545 4629 singulis
1582 4536 1771 4609 annis
1809 4537 1876 4609 in
1917 4540 2023 4612 die
2050 4538 2473 4612 anniversarii
2507 4564 2685 4614 -nos-

440 4654 521 4724 tri
554 4651 1033 4726 distribuendas
1061 4651 1533 4735 concessimus,
1558 4651 1645 4723 ita
1673 4654 1848 4744 quod
1885 4655 1932 4724 C
1953 4652 2148 4726 solidi
2196 4653 2505 4740 nutritiis,
2538 4655 2684 4728 reli-
