3485 5571
1707 532 2067 597 -104—

759 661 1113 747 lohannes,
1164 658 1546 731 venerabilis
1595 658 1714 732 Dei
1774 660 1974 751 gratia
2026 660 2579 733 Aurelianensium
2633 662 2994 755 episcopus,

724 778 1123 876 ‚Stephanus
1161 797 1441 867 quoque,
1483 776 1736 848 Sanctae
1768 777 1993 847 Crucis
2033 778 2344 862 decanus,
2388 790 2455 848 et
2485 780 2997 850 Archembaudus

763 891 1170 961 subdecanus
1244 907 1307 961 et
1375 889 1785 982 praepositus,
1874 891 2220 982 Maiestatis
2296 906 2533 963 nostrae
2598 893 2997 984 praesentiam

759 1002 1082 1075 humiliter
1118 1003 1357 1088 adiere,
1403 1007 1804 1096 postulantes
1845 1017 1915 1075 ut
1955 1005 2196 1089 villam,
2234 1030 2376 1097 quae
2417 1005 2646 1078 Villare
2681 1006 2857 1099 pium
2908 1007 2994 1077 di·

758 1117 946 1203 citur,
990 1133 1053 1189 et
1090 1122 1379 1190 clausum
1415 1118 1741 1190 vinearum
1773 1123 1944 1210 quod
1986 1122 2155 1211 apud
2195 1120 2587 1191 Cosnonium
2638 1124 2836 1192 situm
2876 1135 2994 1204 est,

762 1258 905 1324 quae
931 1232 1050 1325 ipsi
1090 1233 1369 1325 capitulo
1408 1238 1659 1304 Sanctae
1695 1234 1918 1305 Crucis
1968 1238 2045 1306 ad
2101 1257 2481 1307 communes
2536 1258 2693 1307 usus
2744 1236 3001 1329 capituli

764 1350 1069 1419 dederant
1117 1362 1181 1419 et
1230 1362 1715 1433 concesserant,
1779 1371 1900 1419 nos
1957 1371 2213 1441 quoque
2271 1348 2479 1421 eidem
2541 1350 2822 1442 capitulo
2871 1355 3004 1443 jure

765 1477 1071 1555 perpetuo
1101 1463 1646 1553 concederemusg
1679 1476 1745 1534 et
1773 1465 1942 1554 quod
1994 1462 2117 1555 ipsi
2155 1463 2308 1536 inde
2348 1467 2628 1536 fecerant
2670 1469 3006 1536 confirma-

762 1602 1003 1652 remus.
1032 1583 1160 1650 Nos
1186 1601 1335 1650 vero
1376 1577 1630 1669 dignam
1661 1600 1885 1650 eorum
1917 1578 2304 1670 peticionem
2332 1583 2643 1672 repellere
2674 1581 3004 1674 indignum

757 1692 1209 1787 judicavimus,
1250 1707 1315 1764 et
1380 1694 1758 1785 praedictum
1801 1695 2039 1764 donum
2104 1706 2169 1765 et
2241 1693 3007 1767 concessionemcorum

766 1812 1060 1882 volumus
1115 1823 1179 1881 et
1226 1812 1679 1901 approbamuS,
1724 1822 1791 1880 et
1859 1810 2050 1900 regiae
2108 1806 2447 1900 Maiestatis
2513 1810 2892 1883 auctoritate
2946 1811 3007 1882 in

766 1936 1145 2017 perpetuum
1209 1926 1690 2011 confirmamus,
1753 1937 1818 1995 et
1881 1925 2258 2015 brenagium
2321 1936 2641 2009 nostrum,
2707 1927 2884 2017 quod
2945 1926 3008 1997 in

768 2042 1073 2133 praedicta
1106 2037 1277 2121 villa,
1316 2037 1529 2109 Villari
1573 2037 1677 2129 pio
1709 2036 2032 2123 videlicet,
2078 2040 2497 2122 habebamus,
2544 2063 2663 2132 pro
2714 2057 3012 2132 peccato-

766 2175 907 2222 rum
980 2165 1345 2222 nostrorum
1408 2150 1791 2222 remissione
1868 2150 1931 2220 in
2009 2164 2387 2243 perpetuum
2464 2150 2873 2237 dimittimus,
2947 2168 3013 2225 et

768 2269 1040 2338 eandem
1116 2265 1325 2336 viltam
1394 2267 1478 2335 ita
1553 2268 1632 2336 ab
1703 2263 2005 2336 omnibus
2065 2265 2646 2338 consuetudinibus
2686 2281 2750 2339 et
2822 2291 3008 2340 exac-

770 2378 1052 2449 tionibus
1127 2391 1437 2469 perpetuo
1514 2376 1779 2449 liberam
1871 2401 2019 2449 esse
2093 2378 2537 2468 concedimuS,
2624 2384 2797 2472 quod
2896 2405 3011 2454 nos

771 2496 865 2564 vel
910 2496 1182 2564 heredes
1224 2493 1423 2563 nostri
1479 2496 1575 2564 vel
1636 2492 1856 2563 famuli
1906 2496 2003 2565 vel
2043 2492 2496 2566 ministeriales
2551 2495 2754 2567 nostri
2811 2498 3011 2569 nichil

772 2608 1028 2699 penitus
1067 2605 1152 2677 ibi
1183 2606 1459 2700 amplius
1509 2610 1860 2679 habeamus
1898 2621 2008 2678 aut
2053 2608 2403 2700 exigamus.
2452 2599 2637 2694 Quod
2691 2633 2773 2682 ne
2810 2614 3012 2684 valeat

770 2721 1092 2794 oblivione
1149 2721 1371 2806 deleri,
1443 2721 1684 2814 scripto
1749 2721 2394 2807 commendavimus;
2457 2737 2523 2796 et
2583 2747 2665 2796 nc
2724 2724 3010 2817 possita

773 2835 1047 2928 posteris
1081 2836 1412 2923 infirmari,
1448 2836 1638 2928 sigilli
1683 2837 1887 2909 nostri
1936 2838 2311 2911 auctoritate
2351 2852 2417 2911 et
2469 2838 2751 2911 nominis
2811 2839 3009 2912 nostri

770 2954 1099 3024 karactere
1169 2954 1808 3024 subterfirmavimus.
1879 2957 2104 3024 Actum
2144 2953 2421 3025 Lorriaci
2481 2956 2773 3045 publice,
2842 2978 3012 3027 anno

772 3065 1077 3137 incarnati
1119 3067 1306 3137 Verbi
1338 3071 1388 3137 Μ
1431 3070 1476 3137 C
1512 3070 1752 3152 XXIIII,
1795 3065 1973 3159 regni
2010 3066 2210 3138 nostri
2249 3071 2427 3140 XVII.

863 3180 1232 3252 Astantibus
1308 3179 1372 3251 in
1422 3180 1655 3274 palatio
1718 3195 1939 3255 nostro
1978 3205 2250 3274 quorum
2317 3181 2578 3255 nomina
2645 3183 3015 3259 subtitulata

773 3308 929 3366 sunt
958 3306 1023 3365 et
1052 3293 1257 3385 signa.

865 3414 930 3480 S.
986 3407 1291 3499 Stephani
1331 3408 1624 3501 dapiferi.
1660 3413 1725 3479 S.
1773 3408 2106 3481 Gisleberti
2155 3409 2538 3481 buticularii.
2607 3415 2672 3482 S.
2733 3414 3018 3505 Hugonis

775 3521 1258 3595 constabularii.
1302 3527 1371 3595 S.
1418 3522 1693 3595 Alberrci
1727 3522 2129 3596 chamerarii.

859 3641 1018 3707 Data
1059 3660 1172 3728 per
1210 3659 1466 3708 manum
1510 3638 1813 3728 Stephani
1849 3638 2238 3711 cancellarii.
2283 3640 2846 3735 (Monoqr-amme).
