3485 5571
1478 613 1555 625 ..
1597 578 1674 642 79
1721 614 1796 626 .-

530 702 851 776 tinebatur
880 704 1154 797 qualiter
1181 704 1240 778 ei
1271 704 1536 796 suisque
1561 708 2049 780 successoribus
2077 706 2232 780 inibi
2273 706 2548 780 Domino
2574 711 2780 779 famu-

526 819 806 892 lantibus
826 833 859 865 α
893 843 1121 892 omnes
1143 844 1247 893 res
1279 837 1518 894 sanctae
1545 826 1828 914 prael'atae
1852 822 2171 908 ecclesiae,
2206 846 2368 917 quas
2405 826 2484 895 ab
2514 821 2778 914 antiquo
2896 873 2902 882 -

523 947 817 1025 tempore
848 937 1023 1026 juste
1053 949 1119 1008 et
1156 937 1445 1028 legaliter
1485 938 1882 1029 possidebat,
1923 951 1989 1009 et
2016 952 2243 1029 postea
2283 952 2412 1008 tam
2451 959 2488 1007 a
2517 934 2778 1027 regibus

521 1051 604 1118 ab
641 1047 787 1120 aliis
825 1064 1067 1121 sanctae
1097 1048 1207 1122 Dei
1244 1051 1549 1124 Ecclesiae
1582 1051 1879 1123 fidelibus
1917 1050 2287 1143 adquisivit,
2320 1048 2779 1142 perpetualiter

521 1164 603 1233 ad
643 1163 1132 1236 deserviendum
1156 1166 1187 1212 ¹³
1216 1168 1776 1237 confirmaverunt.
1821 1169 2239 1237 Obsecrando
2265 1163 2479 1255 itaque
2516 1163 2780 1235 bumili-

523 1289 622 1347 ter
647 1277 985 1368 postulavit
1020 1291 1088 1350 ut
1116 1302 1260 1365 nos,
1303 1293 1788 1352 antecessorum
1816 1294 2185 1351 nostrorum
2215 1301 2459 1350 morem
2502 1299 2780 1368 sequen·

523 1405 647 1474 tes,
690 1394 950 1463 easdem
990 1416 1095 1464 res
1144 1397 1440 1485 prael’aetae
1496 1392 1790 1466 ecclesiae
1848 1393 2040 1465 simili
2092 1407 2332 1464 nostrae
2385 1389 2780 1463 auctoritatis

520 1507 1057 1613 confirmaremus
1080 1511 1374 1600 exemplo
1405 1521 1594 1599 atque
1621 1521 1967 1600 praecepto.
2004 1509 2204 1598 Hujus
2230 1505 2423 1598 igitur
2448 1504 2781 1578 venerabi-

518 1611 626 1688 1lis
665 1618 953 1712 episcopi
993 1624 1335 1714 benignam
1370 1620 1744 1715 petitionem
1785 1645 1930 1694 cum
1971 1626 2272 1693 consultu
2316 1619 2596 1692 fidelium
2629 1642 2781 1692 nos-

527 1747 774 1805 trorum
806 1749 1005 1806 ratam
1047 1734 1556 1820 considerantes,
1587 1736 1651 1806 id
1690 1759 1880 1827 agere
1908 1735 2335 1807 decrevimus.
2372 1739 2496 1807 Res
2533 1747 2775 1822 autern,

532 1873 694 1941 quas
722 1852 799 1919 ab
826 1848 1106 1941 antiquis
1127 1848 1526 1943 temporibus
1548 1874 1662 1922 seu
1692 1849 2018 1922 modernis
2045 1852 2185 1942 ipsa
2209 1852 2464 1922 tenebat
2485 1871 2561 1920 ac
2587 1851 2780 1920 modo

524 1964 762 2036 retinet
787 1963 1090 2048 ecclesia,
1117 1967 1217 2035 hae
1243 1980 1392 2036 sunt
1427 1989 1442 2036 ε
1493 1965 1953 2037 monasterium
1984 1963 2188 2036 sancti
2217 1964 2481 2047 Evurtii,
2523 1986 2781 2035 monas-

522 2077 756 2150 terium
787 2081 997 2150 sancti
1030 2078 1293 2162 Lifardi,
1325 2103 1471 2150 cum
1498 2082 1695 2151 rebus
1741 2103 1883 2171 quae
1923 2091 2074 2150 sunt
2107 2076 2170 2148 in
2203 2062 2498 2165 Pontivo,
2532 2081 2655 2150 boc
2680 2092 2781 2150 est

523 2195 671 2264 villa
727 2195 876 2265 Rais
937 2216 1131 2286 super
1178 2195 1439 2265 fluvium
1505 2193 1824 2286 Alevegia,
1868 2197 2231 2265 Frovenas⁰
2286 2215 2481 2285 super
2516 2191 2775 2263 fluvium

522 2310 734 2378 Canaa
757 2309 809 2394 ⁶,
888 2300 1243 2400 Angraonae
1298 2311 1534 2394 vicum,
1580 2306 1876 2379 similiter
1914 2306 2274 2389 Ceresium,
2320 2306 2427 2398 qui
2458 2310 2522 2354 “a
2571 2319 2671 2378 est
2707 2308 2778 2378 in

524 2446 688 2514 pago
725 2424 993 2510 Caltivo,
1037 2446 1161 2494 una
1188 2447 1334 2496 cum
1378 2423 1552 2495 omni
1594 2422 1822 2495 merito
1863 2425 1959 2494 vel
2001 2422 2400 2514 appendiciis
2436 2445 2688 2505 eorum,
2716 2434 2781 2493 et

526 2558 634 2607 res
661 2559 805 2627 quae
844 2549 996 2608 sunt
1045 2536 1111 2607 in
1173 2540 1483 2608 Nocduno
1521 2550 1586 2607 et
1615 2536 1784 2608 circa
1811 2539 2190 2608 Nocdunum
2221 2560 2238 2617 ;
2280 2533 2345 2605 in
2390 2557 2553 2627 pago
2581 2538 2779 2605 Turo-

528 2648 697 2737 nico,
746 2649 890 2721 villa
915 2663 942 2697 ⁶
976 2653 1222 2722 Dedera
1264 2673 1459 2743 super
1486 2652 1751 2721 fluvium
1792 2649 1897 2741 qui
1939 2651 2174 2720 dicitur
2203 2654 2430 2732 Karus,
2469 2672 2615 2720 cum
2647 2671 2781 2719 om-

526 2765 721 2836 nibus
760 2767 840 2836 ad
880 2789 952 2837 se
994 2755 1501 2858 pertinentibus,
1544 2768 1697 2837 item
1740 2763 1804 2835 in
1839 2788 2003 2857 pago
2035 2761 2485 2841 Matisconensi
2529 2761 2782 2835 Vitalia-

527 2902 704 2964 cum,
749 2891 815 2951 et
849 2878 1070 2951 Cirrati
1100 2883 1126 2935 s
1157 2881 1224 2950 in
1268 2902 1432 2972 pago
1473 2877 1885 2969 Vapincensi‚
1926 2901 2069 2970 quae
2109 2890 2261 2949 sunt
2304 2876 2368 2947 in
2417 2878 2781 2969 Burgundia

527 2996 626 3065 vel
661 2993 722 3064 in
764 2992 1127 3078 Provincia,
1169 3018 1315 3067 curn
1351 2994 1592 3066 mansis
1622 3009 1686 3065 et
1723 2993 2026 3065 omnibus
2055 2996 2132 3063 ad
2161 3016 2232 3064 se
2265 2991 2778 3085 pertinentibus;

528 3108 684 3178 item
724 3107 788 3179 in
832 3132 995 3200 pago
1036 3107 1339 3193 BituricO,
1385 3107 1446 3180 in
1502 3108 1731 3181 vicaria
1775 3106 2236 3193 Carbriacensi,
2303 3108 2366 3177 in
2411 3106 2553 3177 villa
2594 3112 2782 3179 Brus·

529 3222 730 3313 togilo
770 3245 1067 3294 mansum
1120 3227 1142 3293 1
1196 3247 1340 3296 cum
1376 3224 1587 3310 term,
1643 3226 1863 3316 pratis,
1895 3221 2096 3304 silvis,
2127 3236 2189 3293 et
2224 3221 2603 3313 adjacentiis
2642 3245 2783 3293 om-

527 3338 760 3422 nibus3
831 3336 894 3407 in
947 3361 1111 3429 pago
1152 3338 1603 3421 pinciacense,
1659 3336 1882 3423 Niell'a‚
1929 3335 2312 3427 Crispiacas,
2360 3335 2774 3417 Ollarciacas,

531 3456 1043 3545 Pompennacas‚
1086 3455 1344 3524 Amavia
1396 3466 1462 3524 et
1511 3452 1765 3535 Villare,
1802 3474 1948 3523 cum
2003 3450 2305 3523 omnibus
2339 3454 2532 3521 rebus
2566 3466 2632 3521 et
2667 3474 2779 3545 ap·

531 3566 850 3659 pendiciis
887 3571 964 3639 ad
999 3567 1167 3639 idem
1206 3567 1663 3639 monasterium
1712 3566 2205 3658 pertinentibus.
2251 3568 2428 3636 Idem
2453 3577 2482 3619 ⁰
2524 3587 2781 3637 monas-

531 3681 765 3752 terium
810 3682 1014 3754 sancti
1056 3681 1370 3753 Maximini
1415 3685 1874 3754 monachorum
1909 3706 1927 3766 3
1969 3681 2121 3751 item
2149 3683 2457 3771 capellam
2490 3684 2556 3750 S.
2593 3681 2782 3751 Maxi-

530 3799 694 3867 mim
728 3799 902 3888 juxta
942 3820 1222 3883 murum,
1285 3794 1742 3868 monasterium
1799 3792 2000 3866 sancti
2061 3793 2227 3865 Petri
2262 3791 2536 3864 virorum
2561 3815 2580 3881 ;
2626 3792 2777 3865 item

526 3910 740 3982 sancti
785 3911 951 3982 Petri
1011 3914 1388 4002 puellarum,
1434 3923 1673 3981 sanctae
1734 3910 1958 3979 Crucis
2024 3906 2523 3999 Gargogilensis,
2568 3908 2776 3978 sancti

529 4027 699 4098 Aviti
732 4051 751 4109 3
780 4030 938 4098 cella
978 4026 1181 4097 sancti
1221 4023 1474 4104 Privati,
1513 4047 1659 4096 cum
1700 4026 1942 4115 capella
1983 4026 2188 4094 sancti
2230 4021 2469 4092 Martini
2512 4044 2655 4113 quae
2679 4037 2781 4093 est

529 4165 729 4235 super
768 4141 1136 4235 Liferitum‚
1180 4145 1388 4213 sancti
1442 4140 1607 4213 Petri
1647 4139 2121 4227 Tauriacensis,
2166 4138 2369 4211 sancti
2420 4138 2775 4226 Saturnini,

592 4450 853 4502 XXXIX.
877 4476 939 4489 —
968 4452 1253 4503 Variantes
1277 4451 1344 4501 de
1367 4451 1420 4503 ln
1447 4453 1635 4502 charte
1654 4450 1722 4502 de
1746 4450 1948 4502 Robort
1980 4458 1992 4506 l
2002 4449 2118 4512 XL)
2143 4469 2155 4501 :
2204 4476 2260 4487 —
2302 4464 2360 4501 a.
2404 4447 2780 4499 militantibus.

528 4557 593 4571 —
618 4530 668 4581 b.
696 4529 1061 4582 serviendum.
1091 4556 1156 4570 —
1182 4545 1230 4581 0.
1251 4531 1553 4583 ¹Proventiu.
1577 4556 1639 4569 —
1665 4530 1717 4581 d.
1752 4529 2001 4592 Quantia.
2036 4556 2092 4567 —
2115 4529 2210 4582 dd.
2251 4542 2457 4593 quoe.—
2494 4542 2541 4578 e.
2574 4525 2777 4580 villam.

526 4640 591 4654 —
613 4612 654 4678 Ῑ.
680 4610 898 4664 Cirreti.
926 4638 991 4652 —
1014 4627 1071 4677 q.
1094 4613 1263 4664 deest.
