3485 5571
1731 669 2090 734 —472—

1785 1105 2050 1168 CCCLIV

1667 1405 1748 1470 29
1790 1423 1970 1469 mars
2001 1405 2160 1470 1284

786 1680 963 1736 Vente
1001 1697 1074 1736 au
1101 1681 1354 1753 chapitre
1396 1697 1501 1754 par
1539 1682 1677 1738 Jean
1706 1681 1778 1738 de
1806 1682 2086 1755 Bruyeres
2113 1682 2167 1738 le
2194 1682 2391 1738 chatel
2447 1681 2617 1739 d’une
2659 1684 2874 1739 maison
2923 1685 3043 1739 sise

858 1776 1109 1832 derriere
1145 1778 1361 1849 l’eglise
1410 1777 2382 1851 saint-Martin-Cuisse-de-Vache‚
2425 1794 2571 1851 pour
2596 1778 2672 1835 70
2709 1780 2876 1836 livres
2934 1796 3040 1852 pa·

858 1872 1008 1930 risis.

1249 1993 1430 2065 (Orig.
1460 2010 1507 2050 ι.
1548 1994 1736 2066 perch.
1770 1994 1943 2051 Arch.
1978 1994 2054 2050 du
2092 1994 2297 2052 Loiret.
2329 1997 2395 2053 G.
2426 1995 2581 2065 268.)

877 2234 1196 2309 Universis
1222 2252 1559 2326 presentes
1591 2236 1837 2309 litteras
1866 2236 2256 2329 inspecturis
2300 2235 2592 2309 officialis
2628 2239 3034 2310 Aurelianen-

789 2348 881 2422 sis
920 2353 1190 2421 salutem
1232 2349 1295 2420 in
1335 2349 1639 2423 Domino.
1691 2355 1923 2423 Notum
1965 2354 2239 2424 facimus
2299 2353 2470 2443 quod
2533 2349 2597 2421 in
2643 2364 2861 2423 nostra
2900 2375 3034 2442 pre·

788 2462 994 2536 sentia
1033 2462 1369 2535 constituti
1414 2468 1741 2537 Johannes
1783 2467 1864 2537 de
1925 2464 2203 2538 Brueriis
2260 2480 2474 2536 castro
2524 2478 2586 2536 et
2628 2470 2838 2556 Agnes
2868 2466 3028 2537 dicta

786 2586 868 2652 La
898 2583 1202 2663 Letaude,
1245 2583 1384 2673 ejus
1424 2605 1606 2667 uxor,
1647 2585 1933 2654 venduut
1963 2596 2026 2654 et
2062 2581 2321 2652 nomine
2372 2580 2759 2654 venditionis
2795 2580 3027 2674 quitant

787 2710 852 2767 et
878 2697 1143 2766 tradunt
1185 2694 1655 2767 venerabilibus
1711 2695 1867 2767 viris
1915 2699 2161 2768 decano
2205 2709 2271 2768 et
2309 2694 2592 2787 capitulo
2630 2695 3030 2768 Aurelianen-

787 2809 967 2882 sibus
1000 2812 1341 2902 quamdam
1384 2811 1642 2881 domum
1671 2832 1821 2881 cum
1861 2813 2003 2902 ejus
2040 2808 2463 2903 pertinenciis
2493 2833 2680 2900 quam
2712 2832 2783 2881 se
2808 2813 3030 2881 habere

789 2923 1012 2994 dicunt
1059 2922 1245 2995 sitam
1290 2923 1353 2994 in
1394 2922 1534 2996 vico
1582 2928 1836 2996 deretro
1893 2924 2235 2996 ecclesiam
2293 2925 2466 2995 Beati
2526 2922 2767 2994 Martini
2803 2929 2820 2961 ¹
2869 2927 3031 3015 juxta

787 3040 1136 3109 claustrum
1179 3036 1383 3109 sancti
1422 3038 1671 3120 Auiani,
1696 3053 1872 3129 Juxta
1930 3041 2190 3109 domum
2232 3036 2491 3130 capituli
2552 3036 2768 3109 Sancti
2823 3036 3030 3109 Auiani

789 3149 1291 3235 Aurelianensis,
1353 3174 1428 3223 ex
1495 3175 1620 3223 una
1689 3165 1891 3243 parte,
1952 3166 2015 3223 et
2069 3154 2243 3242 juxta
2308 3150 2656 3243 predictam
2702 3149 3030 3223 ecclesiam

791 3264 963 3337 Beati
1005 3263 1282 3350 Martini,
1341 3289 1415 3337 ex
1469 3267 1692 3352 altera,
1744 3289 1869 3356 que
1925 3269 2156 3338 domus
2209 3268 2532 3357 quondam
2587 3264 2706 3335 tuit
2762 3268 3030 3337 detuncti

793 3379 1123 3470 Reginaldi
1167 3377 1318 3451 dicti
1371 3379 1718 3472 Tempiier,
1761 3384 2081 3471 quondam
2153 3377 2447 3450 canonici
2513 3378 2923 3462 Parisiensis,
2976 3376 3031 3447 in

792 3491 1048 3564 censiva
1081 3496 1313 3564 Sancte
1370 3495 1592 3564 Crucis
1649 3492 2152 3577 AurelianensiS‚
2200 3491 2413 3584 precio
2453 3492 2777 3584 sexaginta
2839 3508 2903 3564 et
2941 3495 3037 3563 de-

792 3630 933 3678 cem
967 3608 1272 3678 librarum
1315 3606 1765 3699 parisiensium
1806 3609 1886 3678 de
1938 3606 2172 3698 quibus
2212 3628 2426 3678 coram
2476 3607 2666 3679 uobis
2705 3629 2777 3677 se
2826 3619 3036 3678 teuent

792 3746 908 3815 pro
937 3722 1204 3815 pagatis,
1245 3722 1703 3794 renunciantes
1733 3721 1882 3795 dicti
1911 3725 2219 3814 conjuges
2248 3745 2361 3814 per
2384 3723 2573 3794 fidem
2605 3745 2787 3793 suam
2825 3745 3038 3812 excep-

794 3838 958 3907 tioni
997 3858 1129 3908 non
1170 3849 1501 3909 numerate
1537 3837 1837 3929 pecunie,
1889 3848 2063 3908 etc...
2111 3839 2314 3907 Immo
2355 3835 2510 3907 dicti
2545 3838 2858 3928 conjuges
2896 3858 3039 3907 ven·

797 3949 1038 4021 ditores
1102 3948 1368 4041 quilibet
1421 3951 1487 4020 in
1528 3949 1805 4021 solidum
1868 3973 1983 4041 per
2033 3950 2223 4021 fidem
2289 3972 2471 4020 suam
2504 3949 2737 4020 dictam
2780 3952 3036 4021 domum

795 4063 1114 4136 venditam
1156 4086 1302 4134 cum
1354 4067 1494 4154 ejus
1536 4062 1950 4156 pertinenciis
1989 4061 2327 4154 garentire,
2380 4062 2650 4134 liberare
2689 4077 2754 4133 et
2806 4066 3041 4134 deffen-

781 4180 950 4286 ῥεια
983 4176 1362 4269 promittunt
1400 4176 1592 4249 dictis
1648 4179 1896 4249 decano
1933 4191 1998 4248 et
2049 4176 2329 4269 capitulo
2369 4177 2937 4247 Aurelianensibus
2981 4191 3044 4248 et

798 4314 1018 4363 eorum
1051 4289 1544 4364 successorihus
1579 4289 1642 4361 in
1683 4290 1852 4363 dicta
1881 4293 2156 4363 ecclesia
2195 4303 2259 4362 et
2303 4287 2606 4362 omnibus
2647 4293 2727 4360 ab
2767 4289 2864 4361 eis
2903 4313 3043 4362 cau-

874 4604 891 4639 ¹
936 4624 960 4658 «
994 4607 1232 4662 Sanctus
1257 4605 1528 4660 Martinus
1556 4618 1718 4674 coyse
1756 4601 1826 4657 de
1852 4602 2025 4658 vache
2053 4623 2082 4655 ι
2112 4601 2317 4670 (cuisse
2363 4602 2433 4658 de
2462 4601 2675 4669 vache),
2725 4607 2883 4674 porte
2936 4616 3041 4656 une

802 4694 1027 4767 analyse
1051 4694 1219 4750 ecrite
1246 4711 1321 4751 au
1358 4693 1484 4751 dos.
