3485 5571
1806 698 2163 759 -314—

1835 1065 2130 1137 CCXXnt‘

1811 1353 1930 1413 Mai
1977 1351 2135 1414 1230

849 1603 879 1655 J
895 1603 1155 1676 acquelin
1180 1604 1465 1659 Chanteau
1489 1602 1634 1659 vend
1660 1619 1804 1674 pour
1836 1603 1907 1658 12
1938 1602 2102 1657 livres
2133 1602 2333 1675 parisis
2360 1618 2433 1659 au
2463 1604 2712 1674 chapitre
2740 1619 2853 1661 une
2883 1603 3095 1659 maison

924 1698 1034 1754 sise
1063 1700 1094 1753 ἐι
1120 1701 1379 1771 Elampes
1410 1701 1538 1770 pres
1566 1700 1619 1753 la
1641 1699 1861 1754 maison
1881 1699 1950 1753 de
1980 1699 2373 1755 Sainte-Croix
2405 1699 2715 1755 d’Orleans.

1326 1846 1501 1916 (Orig.
1535 1863 1580 1900 s,
1611 1846 1804 1917 parch.
1838 1845 2008 1900 Arch.
2045 1844 2119 1900 du
2151 1845 2360 1914 Loiret,
2391 1845 2458 1901 G.
2490 1845 2635 1915 350).

943 2062 1319 2156 [Universis]
1351 2076 1683 2153 presentes
1716 2060 2408 2152 litterasinspecturis‚
2456 2061 2857 2144 Guillelmus,
2912 2064 3095 2139 delta·

847 2201 971 2247 nus
1024 2175 1449 2267 StampensiS‚
1493 2178 1557 2247 in
1619 2174 1894 2249 Domino
1956 2179 2256 2248 salutem.
2297 2180 2529 2249 Notum
2595 2174 2868 2247 facimus
2927 2180 3092 2267 quod

842 2290 1216 2380 Jaquelinus
1256 2294 1606 2370 Chanteau,
1642 2293 1722 2360 de
1745 2312 2016 2360 assensu
2048 2303 2112 2360 et
2153 2292 2475 2361 voluntate
2497 2289 2840 2373 Ysabellis‚
2883 2293 3088 2362 uxoris

847 2427 987 2487 sue,
1071 2402 1355 2474 vendidit
1418 2428 1532 2495 pro
1590 2404 1929 2474 duodecim
1990 2404 2167 2473 libris
2208 2402 2661 2494 parisiensium
2717 2403 2854 2475 suis
2900 2404 3090 2496 quitis

844 2521 1091 2589 decano
1152 2533 1217 2589 et
1274 2518 1553 2609 capitulo
1594 2517 2160 2589 Aurelianensibus
2216 2522 2535 2607 quandam
2577 2521 2838 2588 domum
2903 2518 3087 2590 sitam

844 2635 1009 2721 apud
1053 2634 1427 2724 Stamp[as]‚
1472 2631 1535 2702 in
1572 2632 1830 2703 censiva
1857 2634 2099 2702 Ancelli
2140 2633 2218 2702 de
2248 2630 2596 2721 Papilioue‚
2623 2634 2800 2721 juxta
2827 2634 3087 2703 domum

845 2768 969 2837 que
1032 2742 1291 2818 vocatur
1349 2749 1584 2819 domus
1644 2747 1875 2820 Sancte
1944 2747 2167 2816 Crucis
2207 2744 2708 2817 Aurelianensis.
2754 2751 3089 2818 Memorata

847 2883 995 2931 vero
1030 2860 1343 2932 Ysabellis
1384 2859 1707 2934 fiduciavit
1741 2861 1912 2950 quod
1954 2859 2017 2930 in
2058 2861 2230 2931 (licta
2262 2863 2453 2936 domo
2487 2863 2633 2951 jure
2664 2860 2944 2933 dotalicii
2994 2865 3087 2932 vel

843 2975 1056 3063 aliquo
1083 2974 1205 3045 alio
1226 2978 1370 3065 jure
1411 2975 1605 3046 nichil
1645 2977 1724 3046 de
1757 2988 1972 3050 cetero
1998 2972 2393 3046 reclamabit.
2439 2976 2741 3045 Ancellus
2773 2974 3087 3065 siquidem

845 3090 923 3156 de
966 3087 1317 3178 papilione,
1361 3086 1661 3160 dominus
1690 3091 1978 3172 censive,
2015 3102 2079 3157 et
2120 3085 2335 3168 Maria,
2379 3111 2535 3158 uxor
2563 3091 2729 3179 ejus,
2774 3087 3084 3159 venditio-

846 3223 992 3271 nem
1028 3201 1212 3270 istam
1264 3204 1600 3274 voluerunt
1630 3215 1692 3271 et
1732 3202 2149 3274 laudaverunt
2179 3215 2243 3272 et
2283 3203 2407 3273 fide
2435 3201 2643 3272 media
2683 3201 3088 3293 quitaverunt

843 3329 905 3386 et
936 3329 1400 3386 concesserunt
1439 3313 1627 3387 dictis
1662 3318 1908 3390 decano
1947 3329 2012 3385 et
2043 3313 2323 3406 capitulo
2364 3318 2624 3386 domum
2668 3330 3080 3392 memoratam

844 3451 989 3497 cum
1030 3426 1205 3498 omni
1239 3427 1530 3502 libertate
1577 3451 1769 3518 quam
1811 3431 2087 3500 habebat
2125 3427 2188 3498 in
2225 3427 2844 3520 perpetuumlibere'
2881 3430 3081 3521 possi-

843 3543 1116 3612 dendam
1178 3545 1256 3612 ad
1319 3564 1429 3612 sex
1483 3544 1783 3613 denarios
1820 3545 2160 3614 censuales
2200 3544 2527 3616 annuatim
2591 3543 2861 3616 infesto
2920 3542 3082 3616 beati

843 3653 1108 3743 Remigii
1152 3656 1520 3735 solvendos,
1558 3657 1703 3745 jure
1755 3669 1966 3727 tamen
2009 3654 2292 3728 censuali
2353 3654 2472 3726 sibi
2516 3669 2580 3727 et
2619 3678 2842 3727 eorum
2906 3659 3084 3729 here-

844 3765 1028 3839 dibus
1071 3781 1415 3842 reservato.
1469 3768 1845 3840 Guillelmus
1883 3793 2032 3840 vero
2090 3772 2169 3840 de
2206 3769 2570 3853 Vauceleis,
2607 3771 3083 3842 retrodominus

842 3879 1013 3952 dicte
1050 3887 1339 3968 censive‚
1397 3887 1516 3954 hec
1557 3882 1769 3954 omnia
1831 3886 1955 3954 fide
1996 3884 2203 3954 media
2267 3883 2466 3954 voluit
2528 3898 2594 3955 et
2656 3884 2961 3955 laudavit.
3013 3888 3080 3954 ln

843 3996 1026 4083 cujus
1077 3993 1167 4065 rei
1208 3993 1648 4066 testimonium
1687 3997 1766 4065 ad
1806 3995 2090 4085 parcium
2130 3992 2514 4081 instantiam*
2541 4010 2876 4086 presentes
2917 3995 3081 4067 litte·

842 4129 944 4177 ras
975 4106 1244 4178 fecimus
1274 4107 1464 4197 sigilli
1487 4110 1691 4179 nostri
1721 4107 2146 4199 impressione
2186 4107 2594 4180 communiri.
2641 4113 2874 4180 Datum
2913 4132 3073 4182 anno

842 4220 1093 4296 Domini
1136 4225 1290 4293 MCC
1329 4222 1679 4310 tricesimo,
1722 4246 1947 4296 mense
1989 4223 2179 4294 maio.
