3485 5571
1369 709 1600 772 -347
1671 749 1724 761 -

430 857 557 908 ram
596 836 825 908 semite
845 836 1193 908 removeri.
1247 838 1558 922 Tandem,
1602 834 1820 907 habito
1860 839 2176 908 bonorum
2214 837 2495 909 virorum
2526 862 2676 912 con-

428 950 565 1023 silio
604 973 802 1043 super
831 949 1022 1022 dictis
1052 951 1577 1023 contentionibus
1617 964 1682 1021 et
1713 973 1908 1042 super
1945 952 2251 1024 omnibus
2289 952 2461 1038 aliis»,
2495 976 2673 1025 com-

426 1068 811 1159 promissum
853 1069 973 1137 fuit
1000 1066 1066 1137 in
1100 1066 1478 1157 magistrum
1519 1067 1889 1139 Gaulridum
1931 1070 2009 1139 de
2060 1071 2246 1153 Rulli,
2287 1070 2673 1143 concanoni-

425 1206 567 1255 cum
613 1196 930 1267 nostrum,
983 1195 1044 1252 et
1097 1181 1488 1252 willelmum
1541 1188 1620 1253 de
1678 1184 2148 1274 Espesonvilla,
2211 1186 2546 1269 clericum,
2606 1185 2671 1255 in

424 1300 596 1367 hunc
633 1298 893 1367 modum
918 1298 1115 1385 quod,
1161 1296 1214 1366 si
1256 1294 1408 1367 dicti
1448 1296 1667 1366 arbitri
1695 1319 1895 1387 super
1923 1297 2111 1369 dictis
2150 1298 2675 1370 contentionibus

424 1415 518 1482 vel
553 1432 750 1500 super
785 1412 997 1501 aliqua
1026 1413 1374 1481 earundem
1416 1412 1807 1482 concordare
1849 1412 2218 1502 nequirent,
2252 1435 2370 1483 nos
2402 1415 2673 1485 tercium

425 1527 832 1606 advocarent,
876 1538 939 1595 et
967 1522 1272 1614 quicquid
1312 1546 1507 1614 super
1536 1524 1869 1616 premissis
1926 1527 2006 1597 de
2046 1526 2279 1617 quibus
2318 1526 2469 1598 dicti
2510 1526 2677 1598 arbi-
2737 1511 2741 1515 ’

429 1639 503 1710 tri
555 1640 998 1710 discordarent
1028 1661 1174 1708 cum
1204 1640 1404 1710 altero
1443 1637 1696 1708 illorum
1729 1642 1825 1711 vel
1860 1639 2052 1711 etiam
2083 1643 2262 1712 solus
2300 1640 2675 1733 disponere-

423 1775 596 1837 mus,
638 1756 737 1824 vel
773 1752 1004 1824 ectiam
1037 1752 1606 1842 sententiaremuS,
1661 1753 1949 1846 predicte
1995 1768 2207 1845 partes
2245 1755 2519 1827 fideliter
2556 1758 2670 1826 ob-

424 1880 774 1967 servarent,
822 1870 1016 1939 Istam
1053 1888 1201 1937 vero
1240 1866 1885 1958 compromissionem
1922 1866 2165 1939 dictum
2217 1867 2567 1960 capitulum
2611 1885 2672 1940 et

425 1980 578 2052 dicti
620 1980 918 2053 homines
954 1984 1074 2052 sub
1115 2004 1276 2071 pena
1355 1980 1574 2072 viginti
1638 1980 1940 2052 librarum
1998 1996 2063 2053 et
2098 1985 2310 2054 dictus
2351 1985 2673 2055 Hubertus

423 2119 538 2188 per
565 2098 763 2167 fidem
797 2109 858 2168 et
891 2098 1013 2166 sub
1048 2098 1274 2167 eadem
1314 2118 1476 2186 pena
1509 2095 1943 2187 promiserunt
1984 2096 2257 2168 fideliter
2292 2100 2664 2168 observare.

420 2215 579 2282 Cum
622 2208 774 2281 dicti
806 2208 1025 2280 arbitri
1069 2208 1133 2279 in
1171 2208 1432 2281 arbitrio
1463 2210 1939 2299 processissent
1976 2225 2039 2281 et
2067 2233 2263 2302 super
2295 2213 2546 2282 duobus
2572 2234 2673 2282 ar-

417 2323 635 2397 ticulis
696 2325 1142 2394 tantummodo
1185 2326 1714 2408 concordassent,
1778 2347 1976 2415 super
2039 2324 2180 2396 aliis
2242 2348 2362 2396 nos
2404 2324 2673 2396 tercium

425 2442 842 2511 advocarunt.
896 2442 1149 2521 Postea,
1197 2439 1301 2509 die
1349 2440 1498 2509 lune
1543 2452 1689 2528 post
1761 2441 1995 2510 lestum
2050 2438 2254 2510 sancti
2286 2438 2571 2531 Dyonisii
2607 2441 2672 2509 in

427 2553 710 2646 capitulo
750 2554 1194 2625 Aurelianensi
1234 2551 1519 2643 partibus
1547 2552 1897 2644 assignata,
1927 2567 1990 2624 et
2023 2553 2311 2644 partibus
2358 2554 2673 2645 presenti-

425 2670 581 2751 bus,
615 2688 830 2738 coram
862 2665 1053 2736 dictis
1092 2664 1344 2735 arbitris
1384 2677 1447 2736 et
1467 2664 1939 2757 postulantibus
1974 2665 2180 2737 dictas
2221 2671 2674 2740 contentiones

430 2804 547 2873 per
581 2778 980 2852 diffinitivam
1035 2778 1418 2851 sententiam
1469 2803 1505 2851 a
1563 2774 1753 2850 dictis
1823 2778 2079 2851 arbitris
2132 2779 2479 2867 terminari,
2525 2805 2670 2853 cum

425 2897 646 2966 dictus
686 2896 991 2985 magister
1030 2898 1102 2962 G.
1149 2895 1226 2964 de
1285 2893 1447 2963 Bulli
1482 2908 1546 2964 et
1599 2894 1811 2965 dictus
1845 2893 2205 2965 Willelmus
2248 2897 2329 2966 de
2360 2898 2675 2986 Espeson-

424 3008 571 3080 villa
612 3009 674 3077 in
707 3010 831 3079 hoc
860 3009 1365 3079 concordassent
1403 3010 1572 3097 quod
1605 3009 1899 3079 clausura
1938 3007 2166 3080 semite
2207 3023 2669 3097 removeretur,

424 3122 510 3195 ita
545 3126 720 3214 quod
768 3122 922 3194 dicti
967 3123 1264 3194 homines
1323 3143 1436 3213 per
1496 3121 1729 3192 dictam
1796 3123 2088 3194 semitam
2160 3137 2425 3214 possent
2478 3125 2675 3195 libere

424 3237 806 3330 profiscisci,
844 3251 904 3308 et
935 3237 999 3307 in
1030 3239 1154 3308 hoc
1182 3239 1353 3328 quod
1395 3259 1792 3307 masurarum
1826 3259 2237 3328 possessores
2277 3260 2677 3309 masurarum

425 3359 680 3427 honera
720 3368 1169 3445 sequerentur,
1213 3366 1279 3424 et
1321 3375 1516 3443 super
1557 3351 1678 3423 biis
1719 3353 1890 3424 dicta
1939 3355 2044 3424 die
2084 3352 2483 3423 diffinitivam
2526 3375 2676 3424 sen-

426 3469 715 3543 tenciam
759 3470 1204 3562 protulissent,
1249 3492 1368 3540 nos
1408 3492 1603 3560 super
1630 3467 1773 3540 aliis
1816 3468 2102 3541 articulis
2142 3471 2207 3541 in
2247 3470 2481 3563 quibus
2519 3470 2672 3543 dicti

426 3584 651 3657 arbitri
708 3586 1165 3655 discordabant
1220 3582 1551 3654 diffinitive
1615 3583 2163 3656 sentenciavimus
2220 3583 2284 3654 in
2328 3589 2499 3656 bunc
2539 3607 2675 3656 mo-

425 3701 615 3781 dum,
657 3697 953 3770 videlicet
991 3700 1162 3789 quod
1203 3712 1464 3788 arpenta
1502 3697 1801 3769 retractui
1827 3720 1990 3788 aque
2029 3701 2371 3790 conjuncta
2417 3721 2677 3771 mensu-

427 3816 765 3896 rabuntur,
797 3825 861 3883 et
895 3810 1224 3883 residuum
1250 3813 1422 3901 quod
1453 3809 1570 3881 erit
1602 3833 1675 3881 ex
1707 3825 1884 3902 parte
1913 3833 2078 3901 aque
2118 3814 2277 3883 ultra
2307 3834 2676 3883 mensuram

426 3925 808 4019 legittimam
848 3924 1127 4017 capitulo
1167 3939 1231 3996 et
1261 3928 1541 3995 Huberto
1566 3926 1818 4016 quitum
1858 3938 1924 3996 et
1952 3927 2226 3996 liberum
2293 3928 2676 4010 remanebit,

427 4041 734 4114 similiter
770 4039 891 4111 alia
931 4053 1194 4131 arpenta
1227 4041 1775 4110 mensurabuntur
1812 4052 1875 4109 et
1932 4042 2011 4110 ad
2054 4062 2423 4112 mensuram
2452 4039 2679 4131 legitti-

431 4178 602 4226 mam
644 4156 1056 4225 reducentur.
1096 4156 1414 4224 Hubertus
1441 4175 1592 4223 vero
1633 4150 1840 4224 dictos
1875 4153 2172 4225 homines
2210 4157 2290 4226 de
2321 4154 2463 4225 villa
2519 4152 2677 4225 Galli

428 4269 495 4339 in
523 4291 640 4339 sua
668 4270 888 4350 domo,
931 4290 1078 4338 cum
1136 4267 1220 4338 sit
1257 4269 1336 4338 de
1367 4265 1537 4342 villa,
1564 4267 1926 4358 justiciabit
1963 4269 2044 4338 de
2090 4269 2562 4359 pertinentibus
2592 4271 2671 4340 ad

429 4389 616 4454 suam
641 4381 994 4474 iusticiam,
1052 4379 1349 4452 videlicet
1388 4384 1469 4452 de
1530 4380 2111 4453 consuetudinibus
2165 4380 2326 4469 suiS,
2383 4395 2446 4453 et
2486 4381 2571 4453 ibi
2607 4384 2673 4452 in

430 4498 758 4591 propriam
800 4499 1065 4594 domum
1097 4519 1279 4568 suam
1321 4518 1520 4587 panes
1559 4494 1967 4587 rogationum
2008 4496 2161 4568 dicti
2224 4495 2523 4568 homines
2570 4498 2680 4568 ad-

429 4618 798 4707 portabunt.
830 4612 996 4684 Dicti
1053 4636 1204 4685 vero
1243 4614 1544 4684 homines
1607 4635 1897 4685 masuras
1937 4636 2087 4685 suas
2126 4635 2289 4704 aque
2338 4615 2676 4705 contiguas

430 4752 639 4821 usque
676 4731 758 4800 ad
795 4750 1022 4819 aquam
1066 4741 1560 4819 prosequentur,
1603 4740 1667 4799 et
1704 4741 1994 4799 acrescet
2021 4726 2118 4799 eis
2156 4750 2320 4819 aque
2358 4740 2676 4800 retractus
