3485 5571
1416 692 1726 758 „23-

431 825 846 922 justiciabilis
876 822 1020 896 erit.
1066 829 1166 896 Ad
1209 822 1727 894 submonitiones
1768 845 1916 893 vero
1976 835 2042 893 et
2093 824 2168 892 ad
2232 821 2353 892 alia
2418 844 2562 912 quoe
2620 822 2695 890 ad

443 947 754 1035 majorem
796 939 1117 1032 pertinent
1170 937 1462 1009 facienda
1503 958 1669 1008 unus
1703 950 1949 1009 tantum
2003 935 2293 1008 serviens
2324 933 2469 1017 erit,
2501 956 2692 1026 quem

444 1061 648 1148 major
676 1060 797 1126 hoc
834 1055 1027 1125 modo
1057 1052 1403 1124 constituet
1439 1075 1454 1120 t
1488 1053 1736 1122 decano
1779 1064 1841 1121 et
1884 1049 2231 1141 praeposito
2285 1047 2701 1140 praesentabit

440 1171 720 1262 aliquem
764 1167 1091 1239 hominem
1139 1164 1459 1247 ecclesiae,
1508 1180 1572 1237 et
1630 1164 1950 1255 hospitem
2007 1161 2364 1253 legitimum
2430 1176 2493 1232 et
2560 1162 2700 1233 sine

442 1286 751 1367 infamia3
791 1305 983 1373 quem
1024 1280 1077 1351 si
1118 1284 1284 1352 forte
1324 1302 1453 1350 non
1494 1279 1886 1370 receperint,
1945 1281 2107 1348 alios
2171 1281 2339 1347 duos
2400 1279 2693 1368 ejusdem

445 1400 615 1469 modi
660 1395 1014 1467 nominabit
1052 1405 1120 1466 et
1144 1397 1223 1465 de
1256 1392 1462 1464 tribus
1505 1414 1705 1463 unum
1747 1393 1990 1483 eligent
2027 1394 2313 1463 decanus
2353 1404 2418 1461 et
2449 1413 2701 1482 praepo-

450 1514 644 1595 situs,
685 1526 749 1583 et
786 1534 932 1582 eum
976 1510 1041 1578 in
1082 1507 1431 1600 capitulum
1471 1510 1822 1589 adducent,
1868 1520 1937 1575 ut
1987 1506 2267 1598 capitulo
2326 1507 2702 1577 fidelitatem

445 1628 636 1697 iaciat
674 1628 755 1695 de
793 1624 1096 1695 omnibus
1148 1626 1227 1693 ad
1290 1625 1639 1713 capitulum
1706 1620 2218 1711 pertinentibus;
2292 1623 2703 1711 postmodum

444 1763 599 1811 vero
631 1743 879 1810 decano
917 1751 983 1808 et
1022 1736 1368 1828 praeposito
1401 1736 1770 1808 fidelitatem
1810 1734 1997 1805 faciet
2038 1733 2336 1806 similiter
2368 1738 2448 1806 de
2498 1733 2706 1805 omni-

446 1857 571 1925 bus
612 1856 690 1923 ad
729 1856 1041 1923 decanum
1084 1854 1179 1921 vel
1225 1849 1636 1942 praepositum
1679 1851 2175 1940 pertinentibus,
2211 1853 2380 1920 salva
2443 1848 2504 1918 in
2568 1870 2703 1918 om-

439 1972 641 2040 nibus
684 1967 986 2038 fidelitate
1026 1965 1309 2056 capituli.
1354 1969 1511 2036 Eum
1553 1964 1636 2035 ita
1678 1962 1961 2055 positum
2004 1963 2058 2034 si
2118 1968 2279 2035 sorte
2341 1966 2543 2055 major
2597 1967 2692 2034 vel

442 2082 645 2155 etiam
686 2084 967 2153 decanus
1007 2095 1116 2151 aut
1156 2079 1538 2171 praepositus
1573 2102 1606 2149 a
1649 2077 2008 2148 ministerio
2058 2102 2176 2149 suo
2217 2078 2425 2150 eicere
2487 2081 2701 2150 volue-

443 2196 603 2280 rint,
647 2194 699 2265 si
734 2191 1183 2265 consenserint
1222 2193 1516 2273 cicietur,
1574 2203 1639 2263 et
1696 2191 1859 2261 aiius
1925 2195 2153 2262 eodem
2201 2195 2391 2262 modo
2445 2216 2572 2282 quo
2640 2207 2705 2263 et

446 2310 629 2403 prior
669 2308 827 2378 infra
858 2312 953 2378 XL
995 2306 1134 2377 dies
1174 2306 1648 2389 substitueram
1692 2309 1864 2395 quod
1917 2306 1970 2376 si
2026 2329 2153 2376 non
2221 2306 2700 2390 consenserint,

437 2421 789 2515 injudicio
827 2421 1085 2513 capituli
1130 2422 1249 2493 erit
1287 2446 1366 2491 an
1409 2424 1637 2492 debeat
1678 2419 1826 2505 eici,
1866 2444 1946 2491 an
1980 2443 2128 2491 non.
2176 2422 2239 2492 Si
2270 2445 2416 2492 vero
2457 2420 2704 2512 capitu-

444 2544 589 2609 lum
624 2536 833 2629 ipsum
890 2560 1037 2608 eum
1107 2536 1166 2605 in
1238 2535 1608 2607 infidelitate
1676 2539 2149 2626 deprehensum
2215 2552 2386 2607 extra
2457 2560 2698 2627 ponere

440 2651 749 2735 voluerit,
795 2651 1252 2721 nichilominus
1291 2649 1354 2719 in
1391 2650 1634 2741 judicio
1668 2651 1957 2741 ejusdem
1992 2650 2250 2741 capituli
2280 2650 2423 2721 erit.
2454 2656 2702 2723 Census

444 2781 740 2849 nostros,
778 2790 1048 2856 quorum
1091 2764 1374 2855 receptio
1404 2766 1481 2835 ad
1525 2765 1853 2856 majoriam
1893 2764 2059 2836 illam
2105 2765 2408 2857 pertinet,
2452 2769 2584 2837 sive
2628 2769 2707 2838 de

440 2880 769 2971 capitibus
808 2879 1165 2959 hominum,
1210 2879 1345 2950 sive
1385 2883 1465 2949 de
1504 2879 1718 2962 terris,
1782 2879 2069 2951 serviens
2116 2880 2223 2951 ine
2277 2880 2573 2972 recipiet,
2642 2897 2705 2952 et

443 2994 733 3086 capitulo
766 2994 826 3063 in
869 2992 1239 3064 constitutis
1282 2992 1573 3063 terminis
1602 3015 1675 3064 ex
1702 2992 1951 3084 integro
1978 2997 2226 3065 reddet.
2263 2997 2534 3080 Quando
2567 3017 2708 3066 car·

441 3109 583 3181 reia
619 3123 833 3180 nostra
876 3108 1163 3194 veniunt,
1209 3109 1374 3183 side
1416 3107 1703 3200 pluribus
1746 3111 1841 3180 vel
1874 3107 2063 3182 etiam
2107 3110 2407 3180 omnibus
2447 3111 2706 3200 graneis

450 3222 699 3295 nostris
740 3226 961 3294 eadem
994 3223 1097 3293 die
1142 3222 1455 3306 venerint,
1499 3227 1659 3294 duas
1699 3222 1907 3293 minas
1947 3246 2164 3294 avenae
2207 3225 2472 3316 recipiet
2505 3229 2708 3316 major

446 3352 567 3410 ant
605 3341 891 3409 serviens
929 3339 1067 3429 ejus
1097 3336 1161 3407 in
1204 3336 1495 3427 granario
1538 3353 1784 3407 nostro.
1828 3338 1890 3406 Si
1931 3361 2081 3408 vero
2132 3341 2210 3409 de
2272 3363 2394 3409 una
2458 3355 2702 3411 tantum

450 3450 700 3524 venerit
738 3449 1077 3533 carreium,
1114 3447 1574 3522 nichilominus
1615 3453 1776 3522 duas
1815 3451 2023 3522 minas
2049 3475 2267 3523 avenae
2301 3453 2581 3525 habebit.
2611 3459 2705 3527 De

448 3582 619 3638 terra
647 3571 895 3637 Sanctae
922 3565 1166 3648 CruciS,
1204 3589 1611 3656 quocumque
1645 3575 1931 3657 tempore
1965 3570 2214 3638 Sanctae
2238 3567 2460 3639 Crucis
2484 3570 2702 3650 fuerit,

447 3681 691 3751 nuilam
732 3677 918 3750 alicui
960 3678 1311 3771 garentiam
1353 3678 1657 3769 portabit,
1728 3703 1849 3750 nec
1914 3680 2133 3763 alicui,
2206 3682 2350 3771 quia
2414 3683 2703 3754 servieus

445 3797 596 3886 ejus
633 3795 851 3875 tuerit,
881 3807 1111 3864 terram
1154 3806 1261 3863 aut
1301 3791 1838 3864 consuetudinem
1872 3809 2092 3865 contra
2121 3795 2705 3886 ecclesiamgaren-

445 3907 634 3981 tabit.
681 3911 835 3979 lnud
899 3908 1089 3979 etiam
1162 3908 1644 4000 praetermittere
1710 3908 2058 3993 noluimu5‚
2129 3914 2299 4001 quod
2368 3911 2697 4003 majoriam

443 4025 638 4094 istam
679 4021 834 4092 nulli
869 4027 1013 4114 jure
1042 4021 1427 4093 hereditario
1470 4021 1793 4113 requirere
1825 4025 1921 4093 ve!
1963 4025 2198 4095 habere
2236 4026 2405 4107 licet,
2456 4025 2577 4095 nisi
2628 4049 2702 4096 ex

444 4138 588 4209 sola
622 4134 1056 4207 misericordia
1092 4135 1375 4227 capituti.
1423 4139 1648 4208 Pacem
1684 4147 1749 4207 et
1790 4136 2151 4228 pactionem
2195 4138 2407 4223 istam,
2453 4138 2699 4209 sicutin

447 4250 682 4320 litteris
715 4249 856 4320 istis
887 4250 1276 4332 continetur,
1318 4275 1388 4321 se
1430 4265 1829 4321 servaturum
1870 4250 2213 4342 praedictus
2263 4254 2566 4322 Albertus
2600 4254 2702 4343 ju-

446 4362 635 4446 ravit,
679 4367 941 4454 etquod
983 4367 1123 4455 ejus
1167 4363 1438 4435 consilio
1501 4367 1595 4436 vel
1656 4365 1886 4435 auxilio
1951 4366 2118 4435 fitius
2173 4368 2315 4456 ejus
2373 4368 2700 4456 majoriam

446 4478 642 4548 istam
675 4501 800 4547 non
840 4478 1147 4568 requiret,
1190 4477 1312 4548 nisi
1353 4501 1423 4548 ex
1454 4477 1888 4549 misericordia
1916 4478 2198 4570 capituli,
2224 4502 2370 4549 cum
2408 4483 2703 4570 redemp-

448 4593 628 4662 tione
666 4592 1083 4682 competenti.
1130 4595 1260 4663 Hoc
1301 4606 1368 4662 nt
1408 4596 1656 4662 firmum
1700 4608 1764 4664 et
1804 4593 2265 4663 inconcussum
2302 4611 2698 4684 permaneat,

449 4708 686 4780 litteris
732 4719 1131 4794 annotatum,
1190 4705 1378 4797 sigini
1434 4706 1631 4778 nostri
1697 4706 2073 4780 auctoritate
2119 4706 2696 4777 corroboravimus
