3485 5571
1400 682 1754 752 —295—

1506 1046 1648 1107 CCV

1343 1346 1606 1409 Janvier
1656 1345 1819 1409 1225

434 1575 520 1630 Le
547 1575 797 1647 chapitre
825 1580 1045 1647 promet
1092 1592 1165 1631 au
1193 1574 1278 1632 roi
1314 1573 1423 1629 200
1459 1574 1627 1629 livres
1674 1572 1875 1647 parisis
1925 1588 2071 1647 pour
2118 1592 2222 1631 son
2268 1583 2699 1634 consentement

508 1686 609 1743 par
631 1670 827 1725 lettres
854 1674 1105 1741 petentes
1133 1672 1168 1727 ὲ
1195 1669 1759 1726 1’nffranohissement
1802 1668 1902 1725 des
1928 1670 2073 1726 seris
2100 1669 2201 1725 des
2232 1677 2410 1726 terres
2440 1671 2691 1727 d'Etam-

505 1767 627 1838 pois
656 1772 711 1821 et
733 1782 841 1822 aux
869 1773 1163 1823 coutumes
1205 1766 1302 1838 qui
1333 1772 1527 1822 seront
1571 1780 1894 1821 convenues
1931 1772 2094 1822 entre
2138 1767 2192 1822 le
2220 1767 2471 1839 chapitre
2501 1773 2557 1822 et
2601 1783 2695 1823 ces

508 1862 763 1919 dernier-s
792 1869 848 1920 et
876 1865 1013 1921 dont
1041 1865 1095 1920 la
1125 1870 1328 1920 teneur
1357 1881 1482 1921 sera
1513 1865 1738 1920 inseree
1766 1864 2020 1921 auxdites
2050 1865 2265 1920 lettres.

940 2010 1120 2081 (Or-ig.
1155 2027 1204 2066 s,
1235 2010 1429 2081 purch.
1460 2010 1631 2067 Areh.
1658 2012 1784 2066 Nat.
1810 2012 1859 2066 J.
1891 2009 2000 2066 170
2029 2024 2044 2067 τ
2079 2009 2190 2078 13).

614 2131 776 2199 (Pub.
799 2131 1013 2188 Teulet.
1044 2132 1310 2203 Layettea
1339 2131 1420 2186 du
1456 2130 1659 2186 Treaor
1681 2130 1779 2186 des
1811 2131 2073 2201 chartas,
2106 2136 2146 2186 t.
2178 2130 2255 2203 ΙΙ,
2288 2147 2341 2202 p.
2376 2130 2490 2201 46).

523 2347 956 2421 Serenissimo
1030 2352 1300 2420 domino
1344 2371 1464 2420 suo
1517 2347 1862 2431 Ludovico,
1908 2347 2024 2418 Dei
2077 2347 2273 2438 gratia
2313 2348 2449 2439 regi
2481 2350 2693 2419 Fran-

434 2484 651 2533 corum
685 2462 938 2544 illustri,
972 2464 1331 2556 L[ebertus]
1384 2466 1672 2533 decanus
1702 2474 1768 2531 et
1808 2484 2177 2531 universum
2231 2461 2690 2534 Aurelianense

431 2577 777 2667 capitulum
816 2580 1088 2648 salutem
1120 2576 1183 2647 in
1224 2600 1301 2647 eo
1343 2576 1451 2666 qui
1484 2599 1588 2646 rex
1628 2588 1728 2646 est
1778 2597 2000 2665 regum
2027 2590 2090 2645 et
2145 2562 2688 2648 dominusdomi-

431 2686 745 2759 nantium.
777 2689 1220 2760 Promittimus
1251 2691 1432 2760 vobis
1471 2705 1535 2760 et
1567 2712 1679 2780 per
1704 2702 2041 2779 presentes
2073 2689 2317 2759 litteras
2348 2712 2468 2760 nos
2512 2690 2686 2761 obli-

427 2826 680 2895 gamm,
724 2803 776 2874 si
819 2807 899 2876 de
951 2803 1464 2875 manumittendo
1488 2803 1787 2875 homines
1829 2817 2086 2873 nostros
2125 2806 2204 2875 de
2244 2827 2537 2894 corpore,
2573 2806 2684 2896 qui

426 2919 505 2988 de
541 2932 708 2989 terra
738 2933 958 2989 nostra
1008 2917 1074 2988 in
1116 2916 1431 2991 territorio
1473 2916 1838 3009 Stampensi
1908 2930 2131 2987 tenent
2173 2921 2270 2988 vel
2321 2934 2579 2990 manent
2614 2922 2679 2990 in

425 3033 677 3113 eadem,
719 3034 887 3103 inter
923 3056 1043 3104 nos
1072 3047 1135 3104 et
1158 3033 1334 3124 ipsos
1375 3030 1774 3114 convenerit,
1812 3034 1984 3122 quod
2012 3030 2306 3102 dabimus
2339 3033 2520 3102 vobis
2563 3036 2674 3104 du-

423 3159 647 3216 centas
688 3145 879 3216 libras
908 3145 1354 3236 parisiensium
1396 3170 1507 3239 pro
1543 3168 1869 3217 consensu
1912 3159 2122 3215 vestro
2170 3169 2364 3237 super
2401 3149 2524 3217 hoc
2565 3151 2676 3217 ha-

422 3261 660 3342 bendo,
691 3274 756 3331 et
783 3284 897 3351 pro
923 3261 1152 3333 litteris
1198 3261 1427 3333 vestris
1470 3262 1835 3353 patentibus
1878 3273 2004 3329 tam
2049 3260 2235 3330 nobis
2288 3284 2477 3351 quam
2517 3259 2677 3352 ipsis

418 3372 793 3444 hominibus
847 3375 1306 3459 concedendis,
1359 3399 1485 3467 que
1526 3379 1792 3446 formam
1833 3374 2149 3444 libertatis
2203 3373 2297 3444 eis
2360 3398 2676 3447 concesse

416 3489 795 3559 contineant
850 3501 913 3559 et
955 3488 1146 3559 initas
1178 3488 1344 3561 inter
1382 3513 1501 3561 nos
1541 3502 1604 3559 et
1661 3488 1839 3579 ipsos
1869 3486 2223 3579 pactiones.
2269 3486 2670 3560 Medietatem

416 3623 568 3672 vero
610 3599 900 3694 predicte
929 3602 1203 3694 pecunie
1238 3607 1359 3674 sub
1411 3600 1723 3695 premissa
1770 3600 2143 3672 conditione
2183 3599 2363 3670 vobis
2429 3606 2673 3691 persol-

415 3735 647 3783 vemus
699 3712 761 3783 in
803 3717 1051 3786 octabis
1098 3715 1401 3787 instantis
1424 3715 1784 3787 festivitatis
1819 3712 2120 3783 Omnium
2154 3717 2567 3797 Sanctorum,
2609 3726 2676 3784 et

415 3829 607 3900 aliam
638 3827 1048 3900 medietatem
1088 3829 1153 3900 in
1181 3828 1428 3902 octabis
1451 3827 1805 3902 Nativitatis
1841 3825 2010 3897 Beati
2039 3826 2350 3896 Johannis
2394 3827 2672 3916 Baptiste

421 3954 567 4030 post
590 3943 823 4012 testum
845 3941 1000 4013 illud
1020 3943 1499 4036 subsequentis.
1524 3948 1747 4016 Actum
1774 3964 1943 4011 anno
1969 3938 2222 4010 Domini
2250 3942 2405 4009 MCC
2430 3943 2669 4024 XXllll,

423 4076 646 4127 mense
677 4058 993 4147 januario,
