3485 5571
1763 596 2124 659 ...440-

816 744 880 801 et
938 729 1128 800 etiam
1171 728 1538 799 deffendere
1593 728 1672 796 ad
1726 746 1887 796 usus
1938 738 2004 796 et
2041 726 2548 796 consuetudines
2598 724 2805 816 patrie
2851 737 3041 813 contra

817 865 1067 929 omnes,
1120 839 1409 931 obligans
1457 853 1527 911 ut
1580 861 1772 932 supra
1811 860 1883 911 se
1920 852 1985 909 et
2023 860 2139 910 sua
2180 837 2369 909 dictis
2419 837 2779 910 canonicis.
2817 842 3043 909 Renun-

817 955 1047 1027 ciando
1077 954 1140 1027 in
1184 959 1307 1027 hoc
1347 958 1512 1025 lacto
1531 954 1834 1026 omnibus
1872 954 2359 1046 exceptionibus
2379 954 2542 1046 juris
2565 971 2631 1026 et
2664 954 2848 1038 lacti,
2881 977 3045 1026 cano-

818 1069 943 1141 nici
990 1083 1051 1141 et
1101 1068 1337 1150 civilis,
1392 1069 1566 1140 omni
1616 1068 1992 1160 decepciont
2034 1068 2161 1140 doli
2205 1064 2392 1155 mali,
2427 1068 2803 1161 excepcioni
2849 1072 3050 1160 decep-

818 1182 1014 1255 tionis
1046 1185 1205 1254 ultra
1234 1184 1640 1254 medietatem
1676 1184 1832 1273 justi
1861 1181 2083 1273 precii,
2118 1183 2487 1274 excepcioni
2529 1186 2609 1255 de
2640 1187 2901 1255 duobus
2937 1183 3052 1254 sive

818 1297 1108 1390 pluribus
1158 1296 1288 1369 reis
1329 1296 1632 1379 debendi,
1682 1295 2111 1388 omnibusque
2155 1296 2504 1389 privilegiis
2534 1297 2748 1370 crucis
2795 1298 3057 1369 crucesi-

817 1412 1025 1504 gnatis
1064 1426 1124 1484 et
1165 1411 1693 1503 crucesignandis
1732 1410 1998 1482 indultis
2043 1413 2140 1483 vel
2172 1412 2609 1503 indulgendis,
2661 1426 2729 1485 et
2767 1414 3054 1485 omnibns

817 1524 961 1597 aliis
1006 1524 1396 1614 racionibus,
1438 1524 1942 1617 allegacionibus
1984 1548 2108 1616 que
2160 1540 2380 1599 contra
2421 1529 2736 1617 premissa
2776 1529 2878 1598 vel
2930 1549 3059 1618 pre·

818 1663 971 1712 sens
1014 1640 1508 1712 instrumentum
1566 1640 1736 1710 istud
1794 1653 2061 1730 possent
2134 1640 2305 1711 obici
2373 1639 2506 1711 sive
2571 1641 2726 1712 dici.
2819 1646 3062 1735 Suppo-

820 1768 1048 1827 nentes
1095 1777 1166 1826 se
1214 1753 1646 1846 jurisdictioni
1686 1756 1890 1839 curie,
1933 1766 2153 1826 nostre
2195 1754 2583 1845 ubicumque
2643 1757 2776 1827 sint
2838 1771 2947 1827 aut
3000 1778 3062 1827 se

819 1868 1286 1956 transtulerint,
1316 1868 1401 1941 ita
1440 1870 1610 1960 quod
1661 1891 1782 1940 nos
1822 1868 1996 1960 ipsas
2033 1869 2361 1959 possimus
2406 1870 2972 1942 excommunicare
3006 1871 3053 1942 si

784 2032 791 2039 -
820 1998 1041 2055 contra
1073 1982 1390 2075 premissa
1415 1985 1513 2054 vel
1537 1982 1999 2073 premissorum
2022 1982 2259 2074 aliquid
2293 1985 2805 2075 presumpserint
2833 1984 3064 2076 aliquid

821 2113 1224 2190 attemptare.
1256 2102 1326 2169 ln
1358 2101 1545 2190 cujus
1577 2100 1667 2171 rei
1698 2098 2137 2170 testimonium
2167 2113 2232 2170 et
2254 2102 2630 2172 memoriam
2667 2100 3070 2191 presentibus

824 2211 1051 2283 litteris
1089 2211 1367 2304 sigillum
1410 2227 1702 2285 nostrum
1747 2216 1825 2284 ad
1867 2211 2252 2304 peticionem
2302 2214 2589 2305 parcium
2628 2213 2932 2285 duximus
2967 2236 3073 2303 ap·

824 2328 1220 2417 ponendum.
1258 2331 1486 2398 Datum
1526 2327 1631 2399 die
1657 2327 1827 2419 jovis
1868 2340 2014 2418 post
2052 2326 2506 2400 Invencionem
2560 2332 2795 2400 Sancte
2825 2327 3064 2411 Crucis,

826 2463 997 2512 anno
1024 2440 1279 2512 Domini
1320 2434 1638 2513 M'Cctxx
1666 2441 1916 2532 quinto.

1772 2757 2128 2821 CCCXXVH

1560 2991 1760 3064 Paris,
1809 2988 2160 3052 decembre
2207 2988 2362 3052 1275

829 3207 1101 3262 Sentence
1131 3205 1201 3260 de
1241 3206 1293 3261 la
1323 3219 1463 3260 cour
1506 3203 1584 3259 du
1612 3203 1696 3259 roi
1738 3204 2075 3260 confirmant
2104 3204 2460 3276 l’exemption
2488 3203 2559 3260 de
2587 3204 2740 3260 taille
2790 3221 2865 3262 en
2894 3206 3077 3261 favour

900 3303 977 3357 du
1018 3306 1242 3372 sergent
1278 3301 1376 3372 qui
1413 3299 1555 3355 rond
1591 3301 1645 3355 le
1689 3301 1903 3355 service
1951 3300 2028 3356 du
2057 3305 2382 3371 manuterge
2426 3317 2501 3357 au
2529 3300 2897 3374 sous-doyen,
2946 3299 3077 3357 ainsi

900 3398 1071 3469 qu’au
1093 3396 1272 3469 doyen
1300 3401 1360 3453 et
1387 3412 1460 3451 au
1487 3396 1759 3468 chapitre,
1790 3396 1842 3451 le
1862 3395 2026 3451 Jeudi
2066 3397 2244 3453 Saint.
2268 3397 2286 3432 ¹

834 3543 1002 3634 (Bihl.
1042 3543 1168 3599 Nat.
1218 3544 1473 3613 Moreau,
1511 3542 1618 3598 199
1658 3559 1671 3597 :
1713 3541 1839 3598 137.
1876 3560 1903 3596 ι
1948 3542 2080 3598 Tire
2111 3541 2188 3598 du
2234 3543 2532 3598 cartulaire
2563 3543 2631 3598 de
2684 3543 3076 3599 Sainte-Croix

904 3639 1097 3706 d’Orl.,
1128 3638 1226 3693 fol.
1258 3637 1557 3694 XXXVIII.
1591 3656 1621 3690 »
1650 3638 1876 3710 Euvoye
1904 3655 2006 3710 par
2034 3639 2100 3694 D.
2143 3638 2211 3694 G.
2255 3639 2462 3695 Bened.
2487 3640 2541 3695 le
2569 3637 2638 3694 27
2677 3641 2789 3694 mai
2822 3640 3011 3710 1765).

926 3824 1287 3917 Philippus,
1332 3829 1449 3897 Dei
1495 3828 1708 3916 gracia
1749 3830 2138 3898 Francorum
2181 3849 2314 3911 rex,
2358 3840 2580 3899 notum
2634 3830 2907 3900 facimus
2948 3828 3078 3899 uni-

838 3939 1041 4013 versis
1093 3955 1218 4012 tam
1283 3941 1692 4032 presentibus
1746 3965 1939 4031 quam
1982 3942 2212 4014 suturis
2265 3945 2435 4034 quod
2487 3965 2635 4014 cum
2677 3946 3078 4017 subdecanus

910 4266 929 4301 ¹
967 4264 1106 4323 Note
1135 4266 1209 4320 de
1233 4264 1383 4319 Dom
1414 4263 1600 4319 Get-ou
1631 4280 1644 4318 ε
1689 4283 1717 4315 ι
1760 4262 1833 4318 Ce
1862 4263 1982 4318 serf
2007 4262 2104 4335 qni
2131 4261 2263 4317 etoit
2293 4262 2561 4318 allranchi
2590 4262 2795 4318 servoit
2821 4278 2936 4317 non
2964 4276 3080 4317 seu·

840 4357 1049 4411 lement
1077 4355 1129 4409 le
1159 4353 1465 4426 soudoyen‚
1492 4353 1632 4408 mais
1661 4353 1700 4408 il
1728 4352 1863 4408 etoit
1892 4353 2075 4422 obligo
2121 4353 2189 4408 de
2235 4353 2527 4424 presentet·
2560 4368 2673 4407 une
2711 4355 2967 4408 serviette
3013 4365 3078 4404 au

843 4444 1021 4515 doyen
1052 4451 1111 4500 et
1138 4460 1246 4499 aux
1275 4444 1579 4499 chanoines
1621 4443 1673 4497 le
1716 4442 2078 4498 leudi-Saint
2126 4448 2292 4498 avant.
2333 4443 2387 4496 la
2429 4443 2599 4498 Certe.
2634 4442 2731 4497 Cet
2762 4441 2926 4498 office
2957 4439 3080 4496 etoit

843 4549 919 4588 un
950 4534 1051 4588 fiel*
1071 4533 1253 4601 (Bulle
1283 4532 1629 4588 d'Honorius
1656 4532 1755 4600 111,
1786 4531 1946 4587 1198.
1980 4563 2046 4572 —
2078 4532 2297 4587 Lettres
2342 4533 2412 4587 de
2452 4531 2728 4597 Manasse,
2761 4529 2992 4602 eatque,
3028 4534 3079 4583 et

844 4624 912 4678 de
940 4624 1120 4692 Miles»,
1150 4622 1327 4694 doyen
1358 4621 1542 4691 (1213)
1569 4639 1583 4689 ;
1611 4621 1756 4677 dans
1785 4637 1848 4677 ce
1878 4621 2196 4689 cartulaire,
2229 4621 2277 4676 l'0
2305 4621 2373 4677 17
2402 4625 2456 4676 et
2483 4619 2600 4686 18).
2636 4638 2666 4672 »
