3485 5571
1415 710 1494 719 .-
1537 664 1614 740 19
1660 709 1733 720 -

546 800 809 891 Signum
860 801 1092 873 domni
1154 800 1534 873 venerabilis
1601 807 1887 873 Manasse
1962 801 2273 893 episcopi.
2345 807 2413 873 S.
2479 798 2697 873 domni

458 914 764 985 lobannis
797 913 1047 985 decani.
1092 918 1157 985 S.
1194 914 1414 987 domni
1456 914 1697 986 Girardi
1731 914 2039 986 cantoris.
2063 920 2127 986 S.
2160 913 2376 985 domni
2412 914 2698 1007 Hugonis

462 1032 536 1098 de
577 1033 901 1101 Ruanova.
966 1033 1031 1099 S.
1078 1027 1296 1100 domni
1362 1028 1610 1119 Rogerii
1672 1029 1947 1100 abbatis.
2017 1034 2080 1100 S.
2153 1029 2371 1100 domni
2415 1028 2698 1127 Hugonis

462 1141 713 1233 prioris.
762 1147 829 1213 S.
873 1141 1229 1233 lngerbaldi
1262 1143 1643 1214 sacerdotis.
1683 1148 1753 1215 S.
1793 1142 2105 1217 lobannis
2143 1144 2522 1215 sacerdotis.

1543 1453 1620 1514 lx

1210 1706 1247 1767 6
1289 1721 1468 1766 mars
1508 1702 1699 1767 1136ί
1746 1722 1812 1766 n.
1856 1711 1937 1766 st.

462 1906 712 1973 Etienne,
746 1907 922 1979 doyen
952 1908 1021 1962 de
1049 1907 1450 1978 Sainte-Croix,
1482 1925 1712 1963 menace
1764 1908 2360 1963 d’excommunication
2385 1908 2704 1979 quicunque

522 2005 713 2058 creera
735 2002 1043 2058 desormais
1083 2004 1179 2058 des
1210 2005 1489 2075 precaires
1517 2021 1592 2059 ou
1618 2022 1688 2059 en
1717 2005 1835 2059 sera
1863 2004 2276 2070 transmission,
2310 2010 2364 2059 et
2390 2010 2606 2075 permet
2636 2004 2706 2059 de

523 2099 741 2155 donner
771 2101 852 2154 les
890 2101 1134 2155 maisons
1159 2102 1235 2156 du
1265 2102 1458 2156 cloitre
1492 2120 1518 2153 ι
1546 2101 1735 2171 gyratis
1775 2102 1860 2156 vel
1889 2117 2022 2155 cum
2048 2101 2271 2157 servitio
2309 2118 2364 2168 ν,
2396 2116 2466 2155 en
2514 2116 2607 2154 cas
2635 2100 2703 2154 de

524 2212 768 2252 vacance
805 2196 1050 2253 desdites
1080 2198 1343 2255 maisons.

637 2368 935 2439 (original,
965 2369 1136 2424 Arch.
1167 2369 1243 2424 du
1268 2369 1474 2436 Loiret,
1509 2371 1576 2426 G.
1607 2369 1729 2425 377.
1765 2399 1827 2409 —
1861 2368 2031 2440 Copie
2057 2368 2125 2423 de
2155 2369 2447 2439 Balnze,p.
2470 2368 2527 2438 4)

604 2587 682 2630 NB
725 2585 1017 2629 DmNcnPS
1060 2585 1386 2631 PRESTARIB
1425 2588 1592 2630 FIANT
1635 2587 1695 2630 IN
1740 2587 2013 2630 BCCLESIA
2058 2587 2277 2630 SANCTB
2321 2587 2545 2630 cuncis.

540 2820 934 2911 Stephanus,
973 2822 1203 2890 Sancte
1230 2819 1254 2863 2
1282 2818 1501 2890 Crucis
1531 2820 1844 2900 decanu8‚
1865 2832 1928 2888 et
1951 2834 2079 2889 tota
2102 2821 2392 2910 ejusdem
2423 2819 2703 2889 ecclesie

461 2932 897 3022 congregatio,
943 2933 1161 3002 notum
1223 2955 1371 3003 esse
1413 2935 1707 3003 volumus
1756 2932 2056 3003 omnibus
2106 2948 2233 3003 tam
2293 2931 2702 3023 presentibus

457 3070 645 3137 quam
697 3045 930 3117 futuris
968 3050 1165 3137 quod,
1200 3046 1487 3117 omnium
1527 3062 1818 3117 nostrum
1867 3070 2163 3130 assensu,
2221 3046 2700 3136 dispensatione

457 3176 514 3230 et
544 3159 849 3242 consilio,
884 3159 946 3230 in
974 3160 1252 3251 capitulo
1295 3174 1514 3232 nostro
1554 3160 2255 3241 excommunicavimus
2290 3183 2518 3230 omnes
2557 3159 2700 3231 illos

457 3274 557 3364 qui
598 3274 913 3367 deinceps
947 3272 1011 3343 in
1043 3275 1315 3346 ecclesia
1358 3281 1588 3346 Sancte
1630 3275 1851 3346 Crucis
1894 3273 2235 3365 pre'starias
2282 3279 2564 3344 facerent
2590 3289 2701 3344 aut

460 3387 584 3458 fieri
627 3391 1085 3478 concederent,
1124 3404 1233 3460 aut
1265 3389 1404 3460 illas
1444 3412 1567 3479 que
1606 3394 1769 3460 facte
1808 3405 2013 3474 erant,
2064 3388 2188 3458 illis
2227 3387 2698 3459 dimittentibus

460 3504 562 3592 qui
601 3525 715 3582 eas
750 3516 995 3586 tenent,
1039 3502 1143 3572 alii
1181 3526 1451 3593 persone
1501 3506 1726 3573 darent
1755 3480 1865 3600 αἴῃ
1896 3505 2352 3584 concederent,
2419 3505 2567 3592 quia
2635 3501 2695 3571 in

461 3621 575 3688 boc
616 3641 846 3708 magna
909 3622 1375 3710 prebendarum
1439 3617 1782 3688 diminutio
1847 3641 1992 3689 esse
2062 3617 2418 3698 videbatur,
2488 3632 2697 3708 preter

460 3734 537 3803 de
594 3732 894 3803 domibus
960 3731 1261 3815 ecclesie,
1348 3755 1506 3822 quas
1590 3730 1833 3815 licebit,
1897 3735 1996 3801 eis
2067 3730 2531 3802 decedentibus
2585 3730 2693 3820 qui

462 3867 564 3916 eas
604 3860 848 3927 tenent,
896 3849 991 3917 vel
1031 3869 1416 3937 quocunque
1456 3848 1647 3917 modo
1688 3847 2164 3930 deserentibus,
2213 3847 2357 3915 aliis
2397 3848 2697 3936 personis

460 3956 912 4028 canonicorum
974 3960 1126 4030 dare
1187 3962 1542 4029 secundum
1607 3958 1881 4030 ecclesie
1944 3961 2509 4037 consuetudinem,
2576 3961 2699 4028 hoc

461 4088 552 4144 est
582 4074 781 4165 gratis
824 4077 916 4145 vel
974 4096 1120 4144 cum
1185 4072 1469 4146 servitio.
1534 4078 1665 4146 Hoc
1725 4088 1937 4144 autem
2008 4088 2076 4142 ut
2145 4075 2314 4143 nulla
2393 4072 2700 4144 memoria

460 4188 766 4278 deleatur,
806 4186 997 4279 sigilli
1037 4187 1239 4258 nostri
1274 4188 1705 4280 impressione
1746 4201 1810 4259 et
1852 4185 2222 4258 nominibus
2264 4192 2507 4258 nostris
2546 4191 2699 4258 sub-

462 4300 713 4393 scriptis
742 4301 1138 4373 corroborari
1181 4302 1608 4394 precepimus.

532 4609 545 4642 ¹
578 4611 653 4664 La
685 4610 811 4664 date
836 4610 912 4664 du
941 4611 1110 4679 regne
1139 4618 1223 4666 eet
1247 4613 1500 4666 erronee.

531 4696 555 4730 ²
578 4699 684 4753 Lea
710 4716 742 4752 e
772 4705 899 4755 cont
912 4700 1166 4755 cedinus,
