3485 5571
1805 705 1879 713 -
1922 670 2043 732 160
2083 705 2153 714 -.

862 795 1149 867 mitatem
1243 795 1538 868 Villenoli
1602 801 1980 889 portabunt.
2082 797 2344 884 Singule
2408 794 2713 886 quadrige
2813 797 3098 887 singulos

851 911 1148 982 denarios
1204 934 1318 1002 pro
1358 907 1804 1001 procuratione
1862 913 2240 992 habebunt;
2329 909 2394 978 in
2445 913 2684 1000 pascha
2746 908 2810 978 in
2853 913 3097 981 duabus

849 1022 1123 1094 masuris
1154 1047 1263 1095 sex
1288 1024 1586 1096 denarios
1617 1048 1730 1116 pro
1777 1047 1944 1115 agno
1990 1024 2295 1117 [babebit]
2324 1047 2344 1108 ;
2373 1038 2660 1115 tempore
2693 1023 3090 1115 rogationum

849 1140 929 1208 de
993 1136 1262 1229 singulis
1333 1139 1610 1209 masuris
1680 1137 1970 1230 singulos
2036 1161 2259 1230 panes.
2361 1140 2432 1207 In
2489 1136 2756 1210 decimis
2830 1137 3090 1209 minutis

834 1251 1042 1322 ,nichil
1091 1255 1540 1323 reclamamus,
1577 1256 1810 1325 Custos
1849 1266 2064 1324 autem
2114 1251 2507 1323 corveiarum
2557 1255 2750 1323 fidem
2790 1256 3089 1324 omnibus

846 1363 1037 1436 saciet
1090 1370 1261 1456 quod
1308 1370 1467 1437 ultra
1521 1382 1718 1438 totam
1761 1390 2076 1438 summam
2134 1366 2528 1438 corveiarum
2570 1365 2897 1449 frumenti,
2953 1370 3089 1458 plus

844 1503 1035 1569 quam
1078 1481 1423 1552 sextarium
1455 1481 1827 1554 hominibus
1877 1481 2163 1553 scienter
2208 1484 2287 1551 ad
2323 1482 2747 1553 deferendum
2796 1505 2928 1553 non
2969 1502 3090 1553 tra-

845 1596 975 1664 det.
998 1598 1213 1666 Preter
1237 1599 1352 1666 has
1379 1596 1885 1667 consuetudines
1915 1599 2124 1667 nullas
2143 1596 2299 1668 alias
2331 1599 2521 1667 habet
2544 1595 2832 1689 proprias
2858 1598 2924 1666 in
2953 1596 3090 1666 villa

845 1713 1163 1781 Hubertus
1203 1714 1300 1780 vel
1329 1714 1519 1782 heres
1558 1714 1699 1801 ejus
1756 1734 1876 1781 nec
1916 1712 2270 1782 habebunt.
2304 1715 2803 1801 verumptamen
2856 1711 2911 1781 si
2947 1711 3085 1803 quis

844 1824 1169 1916 hospitum
1212 1828 1291 1896 de
1318 1824 1900 1896 consuetudinibus
1926 1824 2067 1895 istis
2109 1823 2403 1916 injuriam
2441 1828 2721 1896 Huberto
2752 1829 2849 1896 vel
2879 1825 3091 1897 heredi

843 1963 963 2010 suo
1016 1941 1179 2010 torte
1230 1938 1596 2021 contulerit,
1644 1943 1963 2010 Hubertus
2004 1942 2099 2010 vel
2143 1942 2331 2009 heres
2371 1941 2511 2030 ejus
2562 1941 2639 2010 ad
2694 1939 2862 2010 diem
2904 1940 3089 2010 ratio·

843 2047 1121 2124 nabilem
1162 2052 1575 2125 submonebit
1602 2076 1750 2124 eum
1794 2068 1858 2123 et
1898 2052 2057 2123 infra
2090 2052 2300 2122 villam
2331 2051 2484 2123 Galli
2527 2076 2676 2124 eum
2709 2052 3084 2144 justiciabit.

841 2174 996 2239 Tota
1036 2183 1250 2239 autem
1306 2167 1424 2238 alia
1457 2166 1717 2258 justicia
1757 2170 1837 2238 ad
1886 2165 2229 2239 ecclesiam
2271 2172 2503 2238 Sancte
2544 2166 2766 2240 Crucis
2819 2181 3086 2258 spectat.

840 2286 1109 2353 Decime
1163 2305 1560 2353 annonarum
1623 2296 1686 2353 et
1748 2282 1957 2373 campi
1999 2295 2215 2372 partes
2276 2279 2449 2352 illius
2492 2296 2656 2353 terre
2716 2305 3089 2352 communes

842 2409 1054 2480 erunt,
1106 2410 1169 2467 et
1209 2420 1355 2466 cum
1399 2395 1570 2466 mina
1622 2395 1934 2487 equaliter
1973 2395 2365 2477 dividentur,
2407 2410 2472 2468 et
2520 2395 2868 2487 farragines
2911 2396 3087 2466 simi-

842 2509 986 2581 liter
1013 2509 1405 2580 dividentur.
1449 2514 1577 2580 Nos
1616 2532 1767 2580 vero
1806 2523 1870 2580 et
1912 2513 2234 2580 Hubertus
2264 2508 2592 2601 grangiam
2632 2509 3077 2581 racionabilem

842 2628 921 2695 de
961 2627 1174 2695 culmo
1234 2627 1328 2695 ve!
1394 2626 1774 2694 arundineto
1837 2638 2074 2695 tectam
2136 2627 2469 2695 faciemus.
2538 2625 2601 2695 Si
2664 2648 2812 2696 vero
2880 2639 3085 2717 preter

843 2737 1388 2810 submonitionem
1433 2753 1715 2809 nostram
1779 2741 2097 2810 Hubertus
2154 2753 2451 2831 sumptus
2516 2741 2577 2808 in
2639 2741 2899 2830 grangia
2961 2736 3072 2810 sibi

841 2857 1292 2945 contingentes
1336 2877 1575 2944 ponere
1616 2848 1921 2937 noluerit,
1966 2878 2085 2925 nos
2147 2869 2211 2925 et
2271 2853 2598 2945 grangiam
2660 2855 2969 2925 faciemus
3020 2867 3080 2924 et

841 2970 1223 3060 farraginem
1268 2983 1464 3038 totam
1510 2969 1828 3059 propriam
1874 2967 2280 3050 babebimus,
2330 2970 2653 3038 Hubertus
2691 2991 2841 3038 vero
2882 2966 2934 3038 si
2974 2991 3085 3037 nos

841 3083 1268 3154 defecerimus
1307 3081 1602 3153 similiter
1634 3081 1963 3173 grangiam
2026 3104 2171 3152 cum
2220 3080 2538 3171 farragine
2581 3081 2863 3152 babebit.
2909 3085 3084 3152 Com-

839 3196 1233 3290 positionem
1267 3213 1480 3267 autem
1509 3209 1573 3267 et
1612 3195 2120 3267 consuetudines
2150 3195 2468 3286 predictas
2511 3199 2831 3266 Hubertus
2863 3195 3085 3286 juravit

838 3327 901 3383 et
935 3314 1238 3382 heredem
1291 3312 1480 3400 hujus
1522 3325 1688 3381 terre
1746 3332 2192 3401 possessorem
2254 3311 2810 3380 Archambaudum
2868 3312 3076 3400 jurare

838 3425 1013 3497 tecit.
1081 3430 1245 3497 Uxor
1302 3428 1439 3515 ejus
1501 3428 1683 3495 Aaies
1748 3423 2025 3515 idipsum
2089 3422 2439 3495 concessit.
2510 3426 2710 3514 Hujus
2775 3422 3082 3514 pactionis

839 3554 1038 3611 testes
1088 3553 1238 3609 sunt
1297 3561 1371 3609 ex
1419 3553 1594 3629 parte
1653 3551 1922 3608 nostra:
1979 3542 2157 3627 Hugo
2199 3540 2279 3608 de
2342 3536 2495 3608 Ruia
2536 3560 2724 3618 nova,
2768 3541 3084 3607 Manasses

838 3652 1007 3722 filius
1047 3655 1210 3743 ejuS,
1270 3655 1795 3723 Archambaudus
1835 3654 1915 3721 de
1956 3654 2282 3732 ComblOS‚
2333 3654 2625 3721 Aibertus
2682 3653 2908 3741 major,
2952 3652 3084 3720 Odo

839 3770 918 3837 de
960 3765 1217 3854 Bestisi,
1265 3771 1547 3838 Herveus
1582 3768 1662 3837 de
1701 3769 2004 3857 cyconia,
2068 3769 2409 3836 Rotbertus
2465 3769 2744 3835 Polenus
2801 3778 2865 3835 et
2903 3768 3088 3835 trater

838 3883 979 3972 ejus
1021 3880 1381 3962 Girrardus‚
1427 3885 1660 3971 Symon
1705 3883 1785 3951 de
1839 3878 2155 3969 RupibuS‚
2209 3881 2570 3950 Teobaldus
2624 3881 2704 3950 de
2745 3880 3081 3949 Faverolis.

838 3998 923 4065 Ex
967 4009 1142 4085 parte
1182 4017 1330 4065 vero
1385 3992 1643 4064 Huberti
1682 4019 1695 4062 :
1748 3993 2050 4063 Vaslinno
2094 3994 2173 4063 de
2215 3991 2564 4073 Firmitate,
2607 3991 2966 4061 Gauffridus
3013 3991 3088 4060 de

839 4108 1200 4193 Basochiis‚
1267 4109 1609 4179 Rainaldus
1674 4112 1753 4179 de
1817 4111 2017 4191 Choe‚
2073 4109 2212 4178 Odo
2267 4109 2346 4177 de
2398 4105 2585 4190 Sivri‚
2643 4106 2957 4176 Jodoinus
3011 4107 3087 4175 de

841 4222 1061 4307 chive,
1104 4221 1409 4294 Brisellus
1449 4227 1528 4293 de
1576 4222 1876 4304 Cbeudri‚
1925 4220 2222 4291 Tesricus
2264 4222 2340 4291 de
2383 4218 2778 4303 Geminiaco‚
2822 4222 3087 4290 Rotber-

840 4353 945 4408 tus
983 4342 1417 4408 Beneventus.
1485 4343 1706 4407 Actum
1776 4335 2026 4428 pubiice
2094 4333 2155 4404 in
2220 4333 2504 4425 capitulo
2568 4339 2799 4405 Sancte
2841 4331 3083 4411 Crucis,

840 4475 1014 4523 anno
1054 4454 1418 4535 MCLXXHI,
1470 4450 1827 4522 astantibus
1873 4449 1937 4520 in
1979 4448 2251 4521 ecclesia
2290 4464 2509 4519 nostra
2547 4447 2897 4538 majoribus
2950 4469 3083 4538 per-

840 4565 1018 4637 sonis
1074 4571 1336 4657 Hugone
1391 4569 1662 4649 decano,
1705 4567 1953 4635 Andrea
2003 4577 2295 4647 cantore,
2347 4565 2610 4635 Letoldo
2676 4564 3065 4645 subdecano,

842 4682 1128 4752 Manasse
1157 4678 1502 4771 capicerio.
