3485 5571
1389 670 1748 735 „459-

1458 1004 1671 1068 ccht

1177 1284 1566 1365 Momm-gis,
1596 1283 1761 1346 avril
1788 1280 1947 1347 1282

404 1515 694 1587 Philippo
745 1515 799 1571 le
836 1516 954 1584 Bel,
1003 1514 1248 1571 ratifiant
1296 1514 1352 1570 la
1396 1513 1739 1569 transaction
1788 1512 2022 1568 conclue
2067 1517 2227 1569 entre
2256 1512 2581 1570 Guillaume
2619 1512 2690 1568 de

494 1611 880 1682 Rebrechien,
911 1612 1114 1667 vicaire
1138 1613 1170 1667 a
1213 1610 1613 1680 Sainte-Croix,
1667 1615 1724 1665 et
1775 1609 1828 1665 le
1883 1609 2039 1666 baini
2099 1609 2416 1680 d'Orleans,
2446 1610 2687 1666 accorde

497 1708 664 1765 audit
690 1708 891 1764 vicaire
919 1714 973 1764 et
999 1710 1031 1764 a
1070 1724 1159 1764 ses
1187 1723 1550 1764 successenrs
1588 1707 1645 1763 la
1681 1706 1827 1763 libre
1856 1707 2180 1779 possession
2210 1706 2311 1762 des
2341 1706 2590 1762 maisons
2619 1706 2689 1763 de

497 1802 561 1858 la
598 1820 702 1859 rue
731 1804 800 1859 de
824 1804 880 1860 la
916 1811 1076 1877 porte
1122 1804 1337 1861 Parisie
1361 1804 1615 1860 aflectees
1647 1819 1749 1876 par
1791 1803 1843 1858 le
1872 1803 2147 1860 ohannins
2174 1802 2390 1859 Guiard
2411 1802 2546 1859 Fabi
2575 1803 2608 1856 s
2634 1803 2692 1859 la

504 1899 802 1957 fondation
831 1901 901 1957 de
931 1918 994 1957 oe
1023 1901 1243 1957 vicaire.

964 2053 1145 2125 (orig.
1176 2071 1224 2109 s.
1257 2052 1447 2127 perch.
1494 2052 1663 2109 Arch.
1696 2052 1774 2108 du
1802 2051 1993 2108 Loiret
2018 2052 2082 2108 G.
2109 2053 2162 2119 ‘?)

524 2272 881 2365 Philippus,
909 2276 1026 2344 Dei
1055 2271 1252 2363 gratia
1276 2276 1661 2343 Francorum
1693 2293 1825 2343 rex.
1854 2274 2087 2343 Notum
2123 2273 2397 2343 facimus
2441 2271 2688 2341 univer-

416 2387 526 2459 sis
571 2402 699 2458 tam
755 2385 1163 2478 presentibus
1202 2409 1394 2477 quam
1457 2385 1689 2457 suturis
1756 2389 1926 2476 quod
1967 2408 2116 2455 cum
2170 2387 2552 2457 Guillelmus
2604 2387 2685 2456 de

420 2500 864 2586 Rebrechien,
918 2500 1187 2572 vicarius
1216 2500 1279 2571 in
1339 2498 1612 2572 ecclesia
1654 2504 1888 2570 Sancte
1928 2499 2152 2570 Crucis
2182 2497 2682 2586 AurelianensiS,

411 2619 608 2708 juxta
640 2631 926 2687 tenorem
967 2614 1391 2686 ordinationis
1424 2627 1642 2685 nostre
1682 2613 1971 2685 sanaverit
2004 2635 2150 2684 cum
2183 2612 2437 2685 baillivo
2467 2627 2686 2686 nostro

419 2728 904 2815 Aurelianensi,
946 2728 1300 2821 recipiente
1343 2752 1456 2821 pro
1495 2728 1708 2816 nobis,
1752 2751 1947 2820 super
1980 2725 2333 2800 retinendis
2377 2742 2684 2821 perpetuo

423 2844 560 2918 sibi
629 2858 692 2917 et
752 2843 1239 2917 successoribus
1301 2845 1437 2915 suis
1486 2843 1739 2914 vicariis
1816 2842 1986 2914 dicte
2026 2843 2257 2914 vicarie
2294 2845 2683 2934 quibusdam

422 2957 739 3031 domibus
812 2959 1100 3049 quinque
1164 2971 1552 3029 estanconos
1601 2970 1711 3027 aut
1785 2978 1895 3028 sex
1960 2956 2469 3039 continentibus,
2543 2957 2686 3028 sitis

424 3073 757 3145 Aureliani
798 3072 859 3143 in
941 3071 1078 3143 vico
1134 3075 1321 3143 Porte
1361 3072 1537 3142 Paris
1603 3085 1752 3143 ante
1819 3086 2063 3163 portam
2130 3071 2389 3141 claustri
2449 3075 2683 3144 Sancte

425 3187 690 3271 Crucis,
730 3187 1052 3278 contiguis
1084 3185 1299 3257 domui
1343 3184 1534 3258 Odini
1597 3184 2032 3268 matricularii,
2078 3208 2151 3256 ex
2195 3207 2319 3256 una
2356 3201 2558 3277 parte,
2619 3201 2684 3257 et

426 3300 656 3370 domui
698 3301 917 3371 Sancti
958 3298 1217 3371 Evurcii
1262 3299 1768 3383 Aurelianensis,
1823 3322 1895 3370 ex
1924 3303 2120 3370 altera
2145 3323 2164 3384 ;
2207 3322 2366 3390 quas
2422 3302 2681 3391 quidem

427 3417 667 3486 domos
741 3413 1057 3485 Guiardus
1122 3414 1295 3498 Fabi,
1375 3416 1699 3505 quondam
1753 3412 2107 3485 canonicus
2168 3413 2673 3501 AurelianensiS,

427 3529 624 3601 titulo
663 3528 1032 3620 emptionis,
1094 3542 1163 3599 ut
1224 3527 1480 3612 dicitur,
1513 3526 1856 3619 acquisivit
1894 3542 1957 3598 et
1992 3527 2087 3599 eis
2126 3529 2204 3599 ad
2245 3529 2681 3601 fundationem

431 3645 610 3715 dicte
649 3641 879 3714 vicarie
918 3641 1267 3728 concessit,
1330 3666 1476 3727 nos,
1540 3641 1777 3713 dictam
1814 3643 2183 3714 linationem
2215 3657 2418 3715 ratam
2451 3658 2514 3715 et
2544 3666 2688 3735 gra-

430 3769 566 3827 tam
596 3760 931 3839 babentes,
976 3759 1270 3827 volumus
1300 3770 1365 3828 et
1404 3754 1854 3840 concedimus,
1879 3771 2191 3847 quantum
2223 3756 2287 3826 in
2328 3756 2516 3828 nobis
2555 3772 2680 3846 est,

431 3873 608 3962 quod
657 3874 871 3942 dictus
926 3872 1311 3942 Guillermus
1355 3886 1421 3942 et
1485 3892 1902 3942 successores
1955 3869 2056 3942 sui
2116 3869 2179 3941 in
2235 3871 2402 3943 dicta
2454 3872 2684 3944 vicaria

435 3988 646 4056 dictas
672 3988 900 4058 domos
936 3999 1156 4076 tenere
1180 3985 1426 4078 possint
1448 3984 1920 4079 imperpetuum
1961 4001 2024 4058 et
2054 3989 2319 4079 pacifice
2349 3986 2678 4080 possidere

434 4098 580 4171 sine
637 4102 971 4173 coactione
1024 4100 1342 4172 vendendi
1396 4103 1494 4172 vel
1555 4114 1726 4173 extra
1803 4124 2062 4173 manum
2126 4125 2308 4174 suam
2373 4101 2682 4194 ponendi,

436 4217 615 4286 salvo
676 4213 740 4285 in
795 4214 937 4286 aliis
983 4218 1126 4308 J‘ure
1174 4229 1398 4287 nostro
1442 4229 1506 4287 et
1565 4219 1706 4309 jure
1764 4218 2052 4307 quolibet
2110 4215 2345 4288 alieno.
2390 4218 2576 4303 Quod
2619 4230 2689 4287 ut

434 4342 645 4400 ratum
706 4342 772 4402 et
835 4332 1065 4402 stabile
1106 4344 1476 4423 permaneat
1530 4333 1596 4402 in
1652 4334 1935 4403 futurum
2007 4329 2416 4423 presentibus
2454 4329 2685 4402 litteris

439 4456 731 4515 nostrum
771 4444 1042 4517 fecimus
1091 4447 1327 4537 apponi
1368 4442 1679 4536 sigillum.
1720 4450 1945 4518 Actum
1983 4447 2152 4537 apud
2192 4449 2465 4517 Montem
2509 4443 2680 4537 Argi,

436 4581 609 4630 anno
681 4558 942 4631 Domini
998 4558 1340 4632 millesimo
1412 4559 1852 4632 ducentesimo
1917 4558 2315 4652 octogesimo
2371 4562 2683 4641 secundo,

452 4694 676 4746 mense
714 4672 919 4767 aprili.
