3485 5571
1767 680 1844 695 -
1887 636 2005 711 334
2051 683 2124 697 --

1850 1010 2069 1078 CCXLI

1876 1291 2037 1354 1236

825 1518 1107 1591 philippe,
1139 1518 1350 1590 evaque
1381 1519 1694 1590 d’OrleanS,
1727 1518 1914 1574 donne
1941 1536 2013 1572 au
2043 1519 2296 1591 chapitre
2325 1519 2379 1573 la
2403 1518 2553 1573 dlme
2604 1517 2673 1572 de
2703 1516 2847 1589 Gidy
2875 1518 3018 1591 qu’il
3045 1535 3077 1573 a

896 1618 1123 1674 achetae
1155 1618 1259 1674 100
1286 1620 1456 1674 livres
1485 1619 1689 1690 parisis
1719 1635 1827 1673 aux
1871 1617 2165 1688 legataires
2204 1616 2273 1671 de
2331 1633 2434 1671 son
2480 1614 2886 1687 predecesseur
2940 1613 3077 1668 Phi-

896 1715 1070 1787 lippe,
1102 1724 1162 1773 et
1184 1716 1292 1771 fixe
1317 1716 1371 1773 la
1400 1715 1762 1781 distribution
1790 1715 1890 1772 des
1930 1729 2190 1773 revenus.
2244 1714 2360 1770 Son
2406 1728 2739 1773 successeur
2774 1727 2985 1784 pout-ra
3026 1711 3079 1767 la

894 1811 1152 1873 rachater
1169 1810 1277 1866 100
1306 1812 1474 1869 livres
1505 1828 1577 1869 au
1627 1811 1899 1882 chapitre,
1929 1811 2072 1867 mais
2093 1810 2408 1871 seulement
2461 1809 2603 1871 dans
2640 1808 2861 1868 l'annoe
2905 1808 2980 1864 de
3018 1825 3080 1863 sa

894 1909 1308 1971 confirmation.

1289 2028 1467 2097 (Orig.
1497 2044 1543 2082 s,
1579 2029 1772 2099 parch.
1804 2028 1975 2083 Arcb.
2005 2029 2083 2082 du
2111 2026 2318 2098 Loiret,
2360 2028 2427 2084 G.
2457 2026 2610 2096 329.)

918 2244 1279 2338 Philippus,
1355 2245 1566 2317 divina
1629 2244 2053 2338 permissione
2133 2245 2608 2317 Aurelianensis
2697 2243 3078 2336 episcopuS,

830 2362 1137 2431 omnibus
1162 2360 1570 2452 presentibus
1605 2376 1668 2433 et
1720 2359 1949 2433 suturis
1987 2364 2257 2435 salutem
2306 2359 2371 2431 in
2410 2361 2713 2441 Domino.
2774 2359 3081 2437 Noverint

829 2472 1110 2546 universi
1140 2477 1313 2566 quod
1342 2498 1460 2546 nos
1492 2477 1808 2547 decimam
1843 2478 1921 2546 de
1950 2473 2233 2558 Gidiaco,
2266 2498 2455 2566 quam
2484 2498 2518 2546 a
2557 2474 2881 2566 legatariis
2909 2477 3092 2557 bone,

828 2588 1137 2661 memorie
1178 2588 1474 2681 Philippi,
1517 2592 1845 2680 quondam
1898 2588 2375 2660 Aurelianensis
2414 2587 2734 2681 episcopi,
2773 2591 2885 2678 qui
2935 2610 3084 2659 eam

828 2703 1244 2795 acquisierat,
1287 2707 1365 2775 de
1404 2708 1707 2776 mandato
1753 2703 1958 2810 ipsius
1994 2703 2373 2792 *habuimuffi
2431 2704 2676 2783 eisdem
2756 2703 3081 2796 legatariis

831 2833 1087 2890 centum
1130 2822 1329 2898 libras
1359 2817 1815 2911 parisiensium
1874 2821 2324 2912 persolvendo,
2376 2818 2675 2892 dedimus
2717 2833 2782 2891 et
2834 2842 3077 2896 conce-

832 2934 1045 3003 dimus
1084 2935 1364 3024 capitulo
1395 2932 1875 3006 Aurelianensis
1914 2933 2190 3005 ecclesie
2228 2948 2538 3030 perpetuo
2587 2930 3079 3024 possidendam,

832 3059 896 3116 et
923 3048 1000 3117 de
1022 3049 1163 3137 ejus
1187 3046 1625 3136 proventibuS‚
1657 3051 1886 3128 eodem
1909 3047 2189 3139 capitulo
2215 3049 2637 3132 concedente,
2659 3049 2755 3122 sic
2782 3047 3086 3122 duximus

832 3161 1287 3245 ordinandum,
1324 3164 1497 3252 quod
1556 3163 1621 3232 in
1664 3166 1826 3233 testo
1882 3165 2213 3234 beatorum
2264 3161 2594 3236 martirum
2637 3159 2919 3241 Mauricii
2973 3185 3082 3234 so-

833 3272 1205 3364 ciorumque
1236 3277 1404 3365 ejus,
1437 3278 1606 3369 quod
1644 3275 1709 3352 in
1749 3279 1973 3348 eadem
2004 3275 2278 3348 ecclesia
2317 3279 2424 3347 fiet
2449 3279 2704 3370 duplex,
2750 3276 3083 3367 sexaginta

834 3387 1049 3471 solidi,
1086 3387 1381 3460 videlicet
1410 3393 1498 3459 xl·
1535 3389 1722 3460 solidi
1762 3389 2092 3461 canonicis
2126 3404 2190 3464 et
2218 3393 2330 3461 xx²¹
2369 3390 2665 3472 nutriciis
2706 3390 3076 3468 dividentur

834 3515 897 3571 et
925 3500 1026 3572 die
1056 3502 1463 3574 anniversarii
1493 3504 1694 3575 nostri
1732 3507 1819 3575 xl⁸
1857 3504 2044 3576 solidi
2075 3504 2407 3576 canonicis
2450 3503 2747 3577 similiter
2777 3507 3080 3596 parcien-

833 3628 960 3698 tur,
1004 3630 1067 3687 et
1095 3615 1147 3686 si
1174 3631 1520 3710 proventus
1549 3617 1721 3690 dicte
1741 3619 1992 3690 decime
2030 3623 2176 3710 plus
2209 3618 2542 3702 valuerint,
2577 3619 2839 3691 nutricii
2873 3642 3082 3711 usque

836 3733 914 3800 ad
964 3755 1275 3802 sommam
1316 3734 1430 3802 xx‘¹
1470 3735 1828 3804 solidorum
1871 3734 2157 3826 parcient
2197 3757 2271 3805 ex
2302 3735 2574 3818 eisdem,
2600 3736 2769 3825 quod
2800 3736 3082 3824 amplius

836 3845 1025 3916 suerit
1050 3846 1152 3917 die
1192 3846 1348 3916 dicti
1389 3848 1806 3920 anniversarii
1846 3850 2013 3920 inter
2045 3848 2391 3920 canonicos
2421 3847 2786 3919 dividend0.
2823 3847 2888 3919 Si
2927 3871 3082 3919 vero

838 3981 1180 4030 successor
1257 3976 1477 4033 noster
1528 3963 2003 4034 Aurelianensis
2069 3963 2417 4055 episcopus
2469 3963 2760 4051 voluerit,
2843 3962 3084 4034 dictam

838 4073 1154 4145 decimam
1197 4079 1432 4147 habere
1468 4079 1730 4169 poterit,
1762 4076 1968 4148 dictas
2017 4093 2279 4149 centum
2325 4078 2518 4149 libras
2557 4077 2729 4149 dicto
2797 4076 3082 4168 capitulo

839 4192 1291 4279 persolvendo,
1334 4193 1413 4261 de
1441 4190 1675 4281 quibus
1715 4194 1884 4262 idem
1927 4194 2278 4283 capitulum
2320 4190 2641 4263 tenebitur
2677 4195 2885 4264 facere
2944 4214 3084 4262 em-

842 4303 1151 4395 ptionem,
1194 4306 1380 4395 cujus
1428 4313 1779 4396 proventus
1844 4305 2315 4377 distribuentur
2381 4321 2569 4396 prout
2626 4309 2922 4398 superius
2977 4320 3081 4378 est

840 4441 1243 4509 expressum,
1287 4433 1351 4490 et
1373 4422 1585 4510 quoad
1616 4420 1958 4500 vixerimus
1987 4420 2337 4513 capitulum
2364 4436 2785 4491 memoratum
2839 4443 3082 4491 annua·

845 4535 959 4602 tim
1002 4556 1114 4624 pro
1155 4533 1341 4604 nobis
1371 4532 1635 4605 missam
1675 4536 1758 4606 de
1796 4539 2033 4606 Sancto
2073 4532 2308 4626 Spiritu
2351 4547 2525 4606 certa
2558 4533 2663 4605 die
2704 4538 2847 4606 loco
2905 4534 3085 4605 anni-

842 4646 1102 4717 versarii
1163 4649 1536 4719 celebrabit.
1592 4652 1903 4721 Volumus
1961 4646 2154 4720 etiam
2217 4651 2389 4740 quod
2466 4671 2807 4721 successor
2864 4663 3083 4720 noster
