3485 5571
1383 668 1744 733 ..239—

436 797 529 869 sis
566 820 728 889 quas
764 796 1009 869 faciunt
1060 818 1174 887 pro
1223 795 1626 868 deffensione
1689 797 2008 866 honorum
2066 817 2335 867 suorum
2392 810 2458 881 et
2523 810 2689 868 terre

431 914 732 1004 ejusdem
752 908 1049 998 ecclesie,
1075 922 1142 982 et
1169 913 1428 1001 quando
1470 911 1716 981 faciunt
1747 908 2169 1002 emptionem,
2201 924 2264 982 et
2288 932 2403 1002 pro
2428 909 2690 981 domiuo

432 1047 624 1119 papa.
673 1024 853 1115 Quia,
891 1047 1040 1097 vero
1077 1046 1192 1117 per
1219 1027 1580 1116 juramenta
1632 1023 2065 1115 legitimorum
2112 1023 2447 1095 hominum
2497 1046 2691 1116 super

429 1144 562 1212 hoc
602 1139 857 1233 plenius
899 1141 1235 1211 veritatem
1295 1136 1744 1228 cognovimuS,
1808 1140 2108 1209 volumus
2154 1150 2219 1209 et
2270 1136 2692 1210 concedimus

430 1269 505 1325 ut
575 1254 865 1347 predicto
940 1256 1222 1346 capitulo
1280 1251 1579 1325 homines
1640 1255 1720 1324 de
1786 1266 1954 1324 terra
2024 1275 2139 1323 sua
2187 1255 2430 1344 prelata
2504 1251 2693 1323 liceat

429 1368 831 1459 supradictis
872 1370 953 1440 de
978 1368 1195 1439 causis
1234 1366 1374 1438 sine
1411 1364 1924 1438 contradictione
1961 1365 2170 1457 aliqua
2200 1366 2472 1437 talliare.
2510 1368 2584 1437 Et
2622 1378 2694 1435 ut

428 1497 748 1574 perpetue
768 1481 1134 1553 stabilitatis
1159 1484 1355 1552 robur
1378 1480 1691 1565 obtineat,
1726 1478 1920 1571 sigilli
1950 1479 2154 1552 nostri
2176 1479 2600 1551 aucthoritate
2626 1492 2694 1551 et

428 1595 592 1688 regii
635 1595 916 1668 nominis
957 1609 1280 1668 caractere
1320 1594 1588 1666 interius
1626 1608 1934 1667 annotato
1977 1609 2341 1687 presentem
2388 1593 2688 1685 paginam

427 1714 610 1782 salvo
688 1709 959 1782 servicio
1026 1722 1251 1782 nostro
1314 1713 1798 1781 confirmamus.
1865 1714 2091 1779 Actum
2173 1706 2475 1793 Parisius,
2523 1731 2693 1779 auno

428 1822 898 1897 incarnationis
937 1822 1257 1896 dominice
1293 1827 1493 1906 1210,
1527 1824 1708 1915 regni
1756 1822 1961 1894 nostri
1987 1826 2126 1893 52⁰.
2184 1820 2554 1894 Astantibus
2628 1821 2692 1893 in

429 1939 674 2031 palatio
713 1951 935 2010 nostro
966 1962 1242 2031 quorum
1284 1937 1545 2009 nomina
1588 1952 1925 2030 supposlta
1968 1951 2123 2009 sunt
2156 1951 2223 2010 et
2261 1935 2467 2028 signa.
2502 1936 2694 2029 Dapi·

428 2056 570 2124 lero
610 2055 814 2125 nullo.
858 2056 926 2124 S.
971 2051 1280 2123 Guidonis
1319 2049 1713 2124 buticularii.
1748 2055 1814 2121 S.
1851 2049 2285 2122 Bartholomei
2330 2048 2692 2122 camerarii.

431 2171 500 2238 S.
543 2166 866 2239 Droconis
891 2164 1379 2239 constabularii.
1433 2171 1593 2238 Data
1632 2178 1896 2238 vacante
1927 2164 2331 2237 cancellaria.

1490 2540 1639 2604 CLV

1363 2845 1553 2924 svers
1593 2845 1773 2925 1210]

426 3095 519 3151 Le
544 3095 730 3169 doyen
758 3099 813 3150 et
837 3095 888 3150 le
943 3094 1194 3166 chapitre
1235 3095 1420 3152 levent
1461 3096 1732 3152 l’interdit
1762 3113 1863 3168 par
1890 3113 2000 3153 eux
2017 3097 2132 3168 Jete
2162 3114 2263 3154 sur
2286 3099 2341 3154 la
2374 3098 2504 3153 ville
2529 3098 2695 3155 d'Or-

500 3191 689 3263 leans,
716 3192 749 3246 a
777 3205 944 3247 cause
973 3191 1043 3246 de
1071 3191 1125 3246 la
1153 3197 1384 3262 capture
1414 3191 1549 3247 d’un
1579 3193 1649 3249 de
1679 3193 1833 3249 leurs
1860 3194 2022 3249 botes
2071 3210 2173 3265 par
2220 3194 2301 3250 los
2346 3196 2573 3267 prdvots
2620 3196 2696 3253 du

505 3288 613 3358 roi,
640 3292 981 3360 moyennant
1008 3303 1121 3343 une
1146 3288 1384 3344 amende
1410 3288 1482 3344 de
1510 3289 1583 3348 20
1612 3289 1797 3345 livres.

422 3435 587 3509 (Bib.
619 3435 750 3492 Nat.
782 3434 926 3493 Coll.
953 3436 1182 3491 Moreau
1208 3375 1681 3492 &⁴114fin'lrire
1706 3436 1784 3491 du
1815 3435 2030 3493 cartul.
2059 3435 2129 3491 de
2172 3433 2317 3506 l'egl.
2368 3435 2437 3491 de
2489 3434 2700 3492 Sainte-

1093 3532 1255 3603 Croix
1285 3531 1601 3602 d'OrleanS,
1632 3532 1731 3588 fol.
1758 3533 1830 3588 50
1858 3543 1918 3586 vo
1941 3532 2025 3604 a.)

530 3781 669 3869 Ego
708 3778 903 3847 Fulco
929 3779 1211 3848 decanus
1249 3791 1313 3847 et
1376 3776 1748 3848 universum
1811 3776 2267 3847 Aurelianense
2318 3775 2695 3866 capitulum,

431 3890 747 3966 omnibus
782 3905 1117 3982 presentes
1168 3893 1414 3962 litteras
1477 3890 1866 3983 inspecturis
1917 3903 2137 3961 notum
2201 3892 2473 3961 facimus
2528 3889 2699 3978 quod

432 4031 555 4100 pro
587 4007 867 4097 quodam
901 4003 1155 4097 hospite
1194 4012 1445 4090 nostro,
1489 4008 1768 4077 Auberto
1808 4003 2097 4089 nomine,
2146 4027 2181 4075 a
2219 4002 2562 4096 prepositis
2588 4004 2700 4073 do-

431 4120 597 4192 mini
626 4122 801 4211 regis
841 4132 1028 4211 capto
1054 4134 1119 4191 et
1150 4123 1228 4190 ab
1267 4118 1427 4211 ipsis
1459 4122 1660 4191 semel
1696 4120 1886 4192 nobis
1921 4120 2198 4203 reddito,
2240 4118 2350 4212 qui
2394 4141 2515 4190 nec
2540 4140 2700 4208 *con-

433 4239 658 4307 fessus
698 4235 860 4326 nec[
1412 4233 1467 4325 ],
1503 4256 1625 4305 nec
1662 4233 1727 4303 in
1770 4233 2054 4325 presenti
2094 4248 2321 4324 captus
2361 4232 2485 4303 fuit
2522 4229 2702 4302 soris-

435 4352 635 4432 facto‚
670 4346 734 4417 in
786 4347 1232 4419 Aurelianensi
1283 4346 1542 4419 civitate
1604 4346 1871 4419 tulimus
1920 4347 2333 4419 interdictum
2388 4370 2467 4418 eo
2527 4347 2699 4438 quod

436 4463 657 4555 ipsum
689 4462 877 4533 nobis
916 4464 1204 4534 secundo
1239 4464 1509 4533 reddere
1568 4465 1665 4534 vel
1714 4465 2052 4534 recredere
2106 4463 2480 4532 noluerunt.
2542 4461 2700 4529 Cum

436 4591 655 4647 autem
685 4573 1097 4646 interdictum
1135 4577 1310 4666 largo
1336 4589 1626 4666 tempore
1648 4577 1970 4659 durasset,
1999 4577 2161 4646 alter
2193 4573 2693 4666 prepositorum,

440 4688 705 4760 nomine
735 4689 1105 4770 Raiualdus,
1148 4689 1254 4779 qui
1297 4711 1490 4782 super
1529 4691 1860 4762 reddendo
1897 4692 1999 4760 vel
2027 4690 2425 4760 recredendo
2446 4686 2701 4779 hospite
