3485 5571
1382 697 1460 707 .-
1500 660 1621 727 463
1662 694 1738 708 .-

411 791 734 861 Ysabelle
774 789 1056 880 sigillum
1111 788 1287 861 curie
1327 788 1806 862 Aurelianensis
1856 793 2158 863 duximus
2204 795 2682 884 apponendum.

408 908 666 974 Datum
733 926 907 976 anno
971 903 1228 976 Domini
1290 904 1635 977 millesimo
1695 904 2142 977 ducentesimo
2210 907 2687 999 septuagesimo

408 1031 682 1102 octavo,
719 1020 824 1090 die
853 1016 1074 1090 martis
1103 1031 1251 1091 ante
1291 1021 1525 1090 festum
1553 1032 1922 1092 sanctorum
1966 1020 2264 1112 Symonis
2293 1034 2357 1093 et
2384 1024 2595 1095 Judei.

2149 1137 2461 1206 Min-unus.

1412 1423 1706 1484 CCCXLV

1341 1723 1416 1786 18
1453 1726 1588 1787 mai
1622 1723 1779 1785 1279

417 1978 615 2033 Vento
642 1993 718 2033 au
747 1977 998 2049 chapitre
1040 1993 1143 2049 par
1170 1977 1406 2032 Hemart
1434 1975 1504 2033 de
1532 1976 1762 2048 Trugny
1802 1976 1870 2032 de
1900 1992 1991 2033 ses
2028 1978 2378 2048 possessione
2410 1977 2480 2033 de
2509 1977 2691 2034 Mor-et

1027 2089 1174 2145 pour
1195 2072 1303 2129 160
1327 2073 1494 2129 livres
1521 2072 1630 2129 100
1658 2088 1793 2128 sous
1820 2073 2026 2144 parisis
2047 2073 2089 2131 ¹.

905 2221 1079 2294 (Orig.
1111 2239 1158 2278 s.
1191 2223 1381 2294 purch.
1413 2221 1584 2277 Arch.
1620 2220 1696 2276 du
1720 2220 1931 2290 Loiret,
1966 2222 2030 2277 G.
2062 2221 2216 2294 365.)

525 2462 848 2536 Universis
907 2476 1243 2554 presentes
1301 2464 1543 2535 litteras
1598 2461 1988 2555 inspecturis
2038 2461 2333 2534 officialis
2403 2459 2688 2532 Aurelia-

421 2576 656 2647 nensis
717 2580 989 2648 salutem
1045 2575 1110 2646 in
1162 2576 1460 2648 Domino.
1520 2575 1833 2648 Noveritis
1893 2578 2065 2668 quod
2120 2598 2333 2646 coram
2386 2572 2573 2645 nobis
2622 2572 2686 2642 in

418 2693 571 2783 jure
602 2689 938 2762 constituti
976 2693 1326 2761 Hemardus
1365 2693 1445 2762 de
1470 2689 1857 2782 Truigniaco
1893 2704 1958 2761 et
1984 2689 2294 2781 Philippa,
2325 2691 2466 2780 ejus
2507 2712 2684 2772 uxor,

420 2804 859 2877 vendiderunt
905 2820 971 2877 et
1005 2805 1265 2876 nomine
1307 2804 1693 2877 venditionis
1733 2804 1796 2874 in
1834 2818 2212 2896 perpetuum
2258 2803 2690 2895 quittaverunt

421 2919 907 2991 venerabilibus
934 2922 1178 2990 decano
1209 2934 1274 2990 et
1306 2917 1584 3010 capitulo
1615 2917 2053 2990 Aurelianensi
2086 2916 2388 3009 quicquid
2423 2919 2687 3002 babent,

423 3047 654 3104 tenent
718 3047 784 3104 et
844 3032 1179 3124 possident
1242 3032 1308 3103 in
1380 3030 1590 3114 terris,
1656 3030 1983 3115 domibus,
2041 3029 2567 3124 possessionibus
2626 3046 2691 3103 et

421 3147 573 3220 aliis
610 3147 895 3219 teneuris
933 3147 1471 3238 quibuscumque,
1514 3146 1655 3218 sitis
1683 3150 1852 3238 apud
1885 3150 2087 3217 Mores
2128 3149 2193 3216 in
2240 3145 2571 3237 parrochia
2610 3149 2690 3218 de

426 3267 721 3353 Rovreyo
746 3265 979 3333 Sancte
1020 3261 1266 3346 Crucis,
1305 3264 1373 3331 in
1414 3264 1607 3332 feudo
1651 3259 1816 3331 Petri
1860 3263 2322 3344 Courtebeuse,
2355 3259 2684 3350 armigeri,

426 3376 653 3469 precio
694 3375 897 3447 octies
937 3374 1155 3466 viginti
1206 3374 1507 3447 librarum
1558 3373 2007 3466 parisiensium
2048 3389 2110 3446 et
2150 3388 2410 3445 centum
2453 3374 2690 3446 solido·

425 3513 601 3575 rum,
644 3512 717 3561 ex
742 3488 977 3580 quibus
1015 3512 1227 3560 coram
1259 3489 1446 3561 nobis
1485 3512 1556 3561 se
1595 3501 1942 3560 tenuerunt
1982 3490 2234 3578 integre
2278 3511 2389 3578 pro
2434 3488 2680 3580 pagatis

427 3604 495 3676 in
529 3603 799 3696 pecunia
841 3587 1196 3674 numerata.
1240 3602 1741 3686 Renunciantes,
1780 3614 1956 3675 etc...
1997 3601 2478 3689 PromittenteS,
2509 3615 2602 3674 etc
2636 3658 2681 3674 ..

428 3719 933 3799 Renunciantes‚
990 3729 1163 3790 etc...
1209 3723 1277 3789 In
1336 3720 1520 3809 cujus
1558 3720 1651 3788 rei
1698 3716 2072 3788 memoriam
2125 3732 2186 3788 et
2244 3719 2686 3788 testimonium

429 3831 716 3904 veritatis
748 3830 1155 3923 presentibus
1189 3831 1423 3903 litteris
1459 3833 1738 3922 sigillum
1773 3829 2248 3902 Aurelianensis
2278 3830 2459 3902 curie
2510 3834 2689 3903 duxi-

433 3970 579 4018 mus
618 3949 1096 4038 apponendum.
1158 3951 1389 4018 Datum
1451 3970 1621 4017 anno
1678 3944 1934 4016 Domini
2001 3947 2156 4016 MCC
2213 3944 2687 4037 septuagesimo

433 4084 633 4145 nono,
677 4060 782 4134 die
806 4059 973 4153 Jovis
1011 4075 1160 4134 ante
1210 4065 1707 4148 Pentbecosten,
1757 4082 1980 4131 mense
2023 4060 2213 4132 maio.

2220 4179 2414 4245 Anam,

506 4593 525 4627 ¹
567 4593 749 4649 Meme
792 4591 942 4662 date,
975 4590 1160 4646 meme
1190 4594 1332 4646 cote.
1367 4590 1559 4646 Pierre
1603 4589 2011 4656 Courteheuse‚
2042 4588 2316 4653 suzerain,
2348 4587 2574 4643 amortit
2604 4587 2686 4643 les

432 4681 595 4738 hiens
621 4681 860 4738 vendus.
