3485 5571
1427 574 1748 639 —97—

468 704 699 788 terris;
763 716 829 774 et
876 726 1238 795 quanquam
1315 701 1508 774 nichil
1549 703 1675 775 illis
1707 703 1948 796 praemii
1990 707 2353 777 conferatur
2402 728 2437 776 a
2486 706 2701 790 nobis,

466 817 650 890 nobis
678 832 887 889 tamen
918 840 1165 889 merces
1190 815 1518 909 religionis
1542 823 2010 891 aucmentando
2040 819 2393 911 adquiritur
2422 845 2438 904 ;
2470 843 2545 892 ac
2575 845 2702 893 non
2761 807 2768 814 ’

465 935 670 1004 solum
712 936 938 1002 futura}
981 931 1383 1023 repensionis
1434 934 1695 1004 denario
1737 948 1992 1005 nosmet
2046 933 2228 1005 ditari
2289 935 2701 1021 conlidimuS,

470 1051 580 1117 sed
614 1062 678 1118 et
710 1045 1046 1137 praesemis
1086 1048 1229 1116 vitae
1280 1046 1598 1118 curriculo
1637 1050 1717 1117 ab
1781 1048 2269 1119 imminentibus
2324 1050 2707 1120 anxietatem

469 1160 796 1252 periculiS,
838 1161 1084 1232 eisdem
1116 1158 1716 1245 intervenientibus,
1761 1161 2145 1233 multociens
2208 1160 2486 1233 liberari.
2546 1169 2712 1249 Qua·

470 1290 729 1368 propter
769 1274 1029 1347 minime
1059 1276 1485 1366 dubit-andum
1520 1289 1618 1346 est
1658 1276 1917 1346 aeternis
1973 1299 2093 1347 nos
2158 1275 2491 1367 suppliciis
2551 1276 2710 1347 aflli-

468 1396 742 1484 gendos,
796 1394 849 1464 si
889 1394 1156 1464 aliorum
1217 1405 1360 1465 vota
1420 1407 1547 1463 tam
1606 1392 1941 1465 temerarie
2019 1392 2416 1485 applicamus
2487 1395 2713 1464 usibus

470 1506 736 1591 nostriS,
789 1521 854 1578 et
891 1530 1022 1578 non
1062 1507 1306 1580 eisdem
1362 1506 1520 1578 locis
1555 1507 1789 1598 quibus
1826 1510 2128 1579 attributa
2181 1521 2331 1578 sunt
2385 1530 2715 1579 remanere

456 1620 932 1712 permittimus.
978 1624 1154 1693 Unde
1194 1624 1524 1712 cujusdam
1555 1622 1667 1692 viri
1698 1621 2009 1714 sapientis
2048 1646 2492 1694 ammonemur
2518 1627 2716 1695 docu-

471 1734 729 1821 mentis,
773 1733 1007 1825 quibus
1046 1736 1192 1806 ait:
1255 1744 1434 1807 Ante
1488 1750 1755 1807 mortem
1813 1761 2121 1828 praepara
2182 1740 2302 1809 tibi
2343 1729 2712 1829 justitium,

470 1854 783 1942 quoniam
820 1873 950 1920 non
977 1856 1070 1920 est
1110 1852 1400 1922 invenire
1434 1853 1663 1942 epulas
1699 1853 1880 1943 apud
1916 1854 2184 1938 inferos.
2235 1856 2470 1922 Horum
2527 1851 2720 1942 igitur

473 1979 536 2035 et
582 1965 853 2037 aliorum
896 1962 1326 2036 incitamentis
1353 1969 1757 2036 oraculorum
1791 1964 2166 2051 instructuS,
2203 1989 2323 2056 ego
2355 1964 2716 2051 HeinricuS,

472 2078 670 2170 gratia
702 2078 818 2151 Dei
850 2083 1235 2150 Francorum
1277 2102 1407 2161 rex,
1454 2092 1675 2149 notum
1717 2078 1852 2150 fieri
1896 2082 2038 2151 volo
2078 2078 2381 2150 omnibus
2424 2080 2719 2151 fidelibus

474 2193 719 2266 nostris
757 2207 885 2264 tam
918 2192 1344 2286 praesentibus
1383 2216 1573 2284 quam
1609 2191 1802 2265 etiam
1842 2193 2071 2265 luturis
2109 2193 2254 2285 quia
2295 2217 2521 2266 omnes
2561 2194 2720 2264 redi-

460 2306 754 2379 bitiones
818 2322 881 2379 et
933 2307 1461 2391 consuetudines„
1524 2309 1737 2399 justas
1800 2322 1865 2379 et
1932 2307 2227 2399 injustas,
2306 2332 2448 2400 quae
2526 2307 2719 2378 michi

478 2425 774 2514 meisque
824 2421 1134 2493 militibus
1194 2425 1669 2514 competebant,
1735 2421 1842 2514 qui
1901 2445 2011 2494 eas
2073 2445 2147 2494 ex
2227 2438 2443 2494 nostra
2524 2446 2717 2494 manu
2787 2411 2788 2414 ¹

475 2554 699 2611 tenere
739 2536 1140 2621 videbantur,
1190 2536 1253 2606 in
1294 2536 1607 2609 beneficio
1648 2539 1727 2608 de
1786 2553 1952 2608 terra
2011 2541 2262 2607 Sanctae
2316 2536 2537 2608 Crucis
2577 2562 2719 2628 quae

475 2654 597 2724 sita
638 2667 738 2724 est
771 2651 834 2722 in
876 2675 1038 2744 pago
1070 2649 1457 2742 stampensi,
1492 2651 1633 2722 villa
1671 2650 1921 2722 scilicet
1946 2673 2090 2742 quae
2122 2654 2424 2722 Fontanis
2461 2666 2722 2722 vocatur

475 2791 622 2840 cum
663 2766 965 2838 omnibus
1003 2764 1398 2858 appendiciis
1438 2763 1574 2837 suis
1614 2778 1678 2838 et
1715 2769 1794 2836 ad
1835 2789 1976 2837 eam
2019 2764 2593 2858 prospicientibus,
2634 2771 2717 2838 ob

474 2880 832 2953 remedium
870 2880 1098 2951 animae
1139 2903 1298 2951 meae
1339 2894 1504 2952 totas
1543 2882 1622 2951 ad
1662 2881 1979 2971 integrum
2029 2879 2239 2952 eidem
2300 2882 2441 2952 loco
2505 2879 2720 2951 dimit-

475 2995 700 3082 timus,
753 3008 818 3066 et
879 2993 1180 3066 dimissas
1234 2993 1687 3086 perpetualiter
1748 2996 2074 3064 habendas
2128 2992 2572 3076 concedimus,
2638 3016 2716 3064 eo

476 3109 795 3201 siqnidem
837 3122 1059 3180 tenore
1113 3122 1179 3179 ut
1216 3111 1433 3180 nullus
1466 3131 1576 3180 eas
1616 3106 1950 3200 deincep8‚
1987 3106 2122 3179 sive
2165 3109 2540 3200 episcopus,
2602 3130 2718 3179 seu

477 3227 785 3310 decanuS,
847 3238 955 3294 aut
995 3222 1371 3313 praepositus
1421 3221 1722 3293 invadere
1764 3220 1885 3292 sibi
1940 3235 2304 3313 praesumat.
2348 3224 2423 3292 Et
2463 3235 2530 3291 ut
2576 3224 2717 3292 haec

480 3353 719 3410 nostrae
796 3336 1274 3409 constitutionis
1329 3336 1676 3407 auctoritas
1738 3335 2090 3427 pleniorem
2156 3335 2220 3405 in
2273 3335 2391 3407 Dei
2454 3338 2717 3408 nomine

478 3451 766 3524 obtineat
805 3474 916 3542 per
941 3448 1455 3542 supervenientia
1490 3466 1776 3541 tempora
1804 3449 2110 3541 vigorem,
2140 3448 2330 3541 sigilli
2362 3450 2561 3522 nostri
2602 3449 2717 3522 im-

479 3565 816 3657 pressione
853 3567 1142 3636 adnotari
1176 3563 1515 3655 jussimus.

570 3686 637 3751 S.
712 3679 985 3751 Heinrici
1056 3677 1249 3771 regis.
1331 3684 1398 3750 S.
1469 3680 1711 3749 Arnulfi
1771 3678 2162 3750 Turonensis
2226 3678 2714 3771 archiepiscopi.

483 3800 548 3866 S.
571 3794 850 3866 Gervasii
882 3792 1430 3865 cenomannensis
1460 3791 1772 3884 episcopi.
1802 3796 1867 3861 S.
1907 3791 2188 3883 Hugonis
2226 3793 2477 3864 abbatis
2505 3793 2719 3864 Sancti

485 3908 812 3980 Benedicti
840 3906 1284 3979 Floriacensis.
1319 3912 1384 3977 S.
1431 3904 1716 3977 Landrici
1750 3906 1993 3976 militis.
2032 3911 2097 3977 S.
2144 3906 2443 3978 Burcardi
2474 3906 2719 3978 militis.

489 4029 556 4093 S.
590 4022 845 4094 Evrardi
887 4022 1129 4095 militis.
1170 4027 1236 4093 S.
1272 4023 1509 4093 Alberti
1537 4019 1781 4091 militis.
1819 4025 1884 4091 S.
1923 4020 2206 4112 Hugonis
2250 4020 2492 4104 militiS,
2537 4024 2723 4111 cujus

490 4137 871 4209 beneficium
898 4151 1082 4208 antea
1122 4135 1262 4207 tuit.

578 4256 807 4324 Datum
837 4249 1189 4323 Aurelianis
1219 4248 1499 4342 publice,
1523 4254 1751 4341 quinto
1781 4272 1985 4321 nonas
2015 4248 2187 4336 maii,
2218 4272 2387 4321 anno
2417 4252 2496 4320 ab
2523 4248 2724 4321 incar·

491 4364 747 4438 natione
772 4363 1028 4437 Domini
1068 4367 1357 4449 MXLllH,
1397 4362 1567 4455 regis
1606 4363 1860 4436 Henrici
1901 4368 2057 4434 Xlll.

578 4478 926 4552 Balduinus
964 4479 1383 4553 cancellarius
1420 4477 1826 4572 subscripsit.

665 4731 812 4790 κει.
850 4744 980 4789 xxx.
1681 4752 1686 4757 ·
2521 4731 2558 4791 7
