3485 5571
1413 681 1729 744 ...15-

445 811 684 883 cellarii
727 811 848 882 sui.
904 815 1195 881 Preterea
1236 808 1411 880 dedit
1453 812 1532 879 de
1571 812 1797 879 eadem
1852 810 2102 879 decima
2143 810 2474 899 capellano
2515 809 2689 879 Beati

447 927 689 996 Martini
734 928 812 995 de
840 929 1073 994 Tavers
1112 925 1273 993 duos
1317 925 1570 993 modios
1602 926 1903 993 frumenti
1943 935 2008 992 et
2036 925 2159 992 hoc
2192 944 2383 993 omne
2414 926 2700 993 trumen-

445 1057 580 1111 tum
623 1053 689 1110 et
728 1061 920 1109 omne
958 1036 1175 1107 vinum
1221 1038 1572 1108 reddentur
1607 1035 1934 1108 annuatim
1979 1038 2045 1105 in
2091 1040 2254 1107 sesto
2301 1049 2699 1107 mortuorum

450 1157 526 1225 de
572 1153 871 1244 granerio
924 1167 988 1223 et
1062 1149 1321 1222 cellario
1390 1149 1630 1221 domini
1700 1148 2130 1240 Balgenciaci.
2202 1155 2357 1221 Item
2396 1150 2701 1221 dominus

449 1268 666 1339 Simon
731 1270 919 1338 debet
986 1288 1099 1357 pro
1155 1264 1506 1336 elemosina
1566 1263 1828 1336 domine
1887 1263 2243 1335 Adenordis
2281 1265 2581 1356 Leprosis
2621 1268 2702 1336 de

448 1381 768 1453 Firmitate
801 1378 1089 1452 Nerberti
1127 1383 1231 1449 XX
1291 1380 1560 1462 solidos,
1610 1376 2211 1449 sanctimonialibus
2274 1382 2354 1449 de
2394 1381 2700 1450 Cbaufor-

450 1520 603 1568 neso
643 1501 747 1567 XX
812 1494 1081 1580 solidos,
1124 1493 1721 1567 sanctimonialibus
1786 1497 1864 1565 de
1926 1491 2215 1584 Glatigny
2271 1497 2372 1564 XX
2424 1493 2697 1578 solidos,

448 1610 781 1682 monacbis
855 1613 934 1680 de
974 1614 1223 1681 Cunaut
1256 1613 1360 1681 XX
1415 1609 1684 1690 solidos,
1726 1611 2065 1698 capellano
2091 1610 2267 1678 Beati
2296 1608 2571 1680 Micaelis
2611 1613 2701 1681 de

450 1723 937 1796 Fontisvallibus
1013 1728 1063 1793 V
1120 1725 1387 1807 solidos,
1470 1722 1804 1793 monachis
1886 1724 1965 1792 de
2043 1725 2273 1811 Burgel
2337 1726 2359 1790 1
2438 1722 2702 1794 calicem

448 1839 715 1930 argenti,
764 1840 1060 1930 Leprosis
1115 1836 1475 1907 Maudunil
1532 1838 1828 1919 calicem,
1869 1834 2173 1926 Leprosis
2229 1836 2592 1906 Castriduni
2652 1840 2704 1907 V

449 1951 718 2035 solidos,
747 1956 936 2023 Beate
963 1951 1149 2023 Marie
1185 1953 1262 2022 de
1286 1949 1545 2041 Stanpis
1572 1953 1620 2019 V
1648 1949 1916 2032 solidoS,
1952 1948 2248 2041 Leprosis
2277 1949 2687 2042 Aurel[ianis]

451 2071 499 2136 V
520 2069 793 2148 solidos,
822 2065 1118 2156 Lepi-osis
1146 2064 1548 2155 Balgenciaci
1570 2068 1664 2133 XL
1683 2079 1747 2133 et
1771 2066 1925 2134 11110‘
1949 2062 2220 2146 solidos,
2243 2063 2499 2134 cuidam
2525 2087 2699 2155 repa-

453 2181 641 2251 ratori
682 2180 922 2250 viarum
955 2184 978 2249 Ι
1018 2180 1325 2250 tunicam.
1358 2183 1590 2249 Notum
1625 2177 1708 2248 sit
1736 2180 1910 2268 quod
1949 2180 2031 2248 de
2060 2177 2412 2249 elemosina
2442 2179 2702 2250 domine

452 2295 808 2364 Adenordis
858 2308 1008 2363 sunt
1058 2295 1267 2363 adhuc
1320 2294 1647 2362 reddende
1687 2296 1783 2362 XL
1823 2305 1888 2363 et
1925 2295 2057 2363 Vlll
2100 2291 2263 2363 libre
2294 2306 2357 2362 et
2396 2295 2474 2362 IX
2516 2292 2704 2363 solidi

450 2407 916 2479 aurelianensis
953 2422 1215 2479 monete
1251 2423 1316 2478 et
1356 2410 1433 2479 ad
1474 2412 1595 2478 hec
1629 2408 1846 2478 omnia
1881 2410 2304 2497 persolvenda
2330 2421 2431 2477 est
2468 2407 2709 2479 medie-

452 2537 547 2592 tas
586 2521 823 2592 telonei
863 2533 927 2592 et
967 2521 1219 2613 pedagii
1261 2520 1685 2611 Balgenciaci.
1742 2522 1821 2590 Et
1866 2523 1946 2591 de
1985 2518 2203 2592 debito
2242 2519 2504 2593 domine
2545 2523 2709 2591 Ade-

453 2640 674 2708 nordis
715 2640 899 2729 cujus
939 2631 1189 2709 sum'ma
1220 2652 1321 2708 est
1352 2642 1447 2708 LX
1487 2651 1551 2708 et
1589 2640 1751 2707 Xllll
1783 2634 1941 2707 libre
1980 2637 2449 2708 aurelianensis
2478 2660 2710 2709 mone-

462 2766 521 2823 te
540 2767 696 2822 sunt
720 2751 968 2824 reddite
998 2755 1156 2823 XXll
1196 2751 1356 2823 libre
1396 2775 1585 2842 quas,
1626 2765 1973 2842 antequam
2000 2754 2303 2824 dominus
2331 2751 2550 2822 Simon
2594 2750 2711 2822 iret

455 2887 751 2955 peregre,
792 2879 1125 2956 receperat
1196 2864 1531 2935 Jelduinus
1595 2863 1863 2955 Mirepez
1938 2885 2050 2954 per
2123 2887 2383 2934 manum
2452 2862 2710 2935 Roberti

454 2979 709 3050 Falcille
748 2993 814 3050 et
850 2979 972 3049 alie
1021 2982 1118 3049 Lll
1162 2978 1320 3049 libre
1361 2992 1692 3048 remanent
1755 2980 1966 3048 adhuc
2005 2981 2332 3050 reddeude
2372 3001 2565 3069 super
2606 2976 2709 3047 bis

452 3115 575 3183 que
608 3095 914 3164 dominus
949 3091 1167 3163 Simon
1200 3090 1460 3162 habebit
1484 3093 1564 3162 de
1590 3090 1916 3162 Firmitate
1953 3091 2269 3163 Nerberti.

546 3208 654 3277 His
699 3207 1001 3278 omnibus
1046 3206 1370 3297 sigillatim
1413 3229 1627 3277 coram
1672 3206 1933 3277 domino
1998 3207 2258 3277 Simone
2296 3230 2329 3278 a
2387 3211 2704 3298 Symeone

458 3324 788 3404 Hernulfo,
824 3325 1108 3394 Roberto
1176 3323 1256 3391 de
1322 3325 1481 3390 Gaut
1522 3323 1916 3392 enumeratis
1971 3320 2087 3391 fuit
2152 3323 2479 3412 cognitum
2535 3324 2704 3411 quod

459 3435 947 3506 summatotius
987 3433 1403 3526 suprascripti
1442 3434 1642 3504 debiti
1703 3447 1838 3505 erat
1889 3434 2265 3525 quindecies
2304 3435 2478 3506 mille
2518 3434 2708 3505 solidi

460 3563 521 3620 et
559 3553 613 3618 X
654 3548 812 3618 libre
846 3562 910 3619 et
964 3552 1013 3618 X
1054 3547 1242 3619 solidi
1308 3550 1477 3618 uude
1529 3546 1871 3638 quinquies
1911 3549 2081 3619 mille
2118 3547 2302 3619 solidi
2340 3562 2405 3619 et
2442 3560 2704 3620 centum

460 3675 645 3733 erant
670 3662 1140 3749 andegavensis
1181 3675 1464 3733 monete.

545 3774 903 3848 Dominus¹
959 3775 1182 3846 Simon
1243 3775 1526 3867 precepit
1601 3778 1772 3866 quod
1841 3780 1962 3846 bec
2023 3790 2217 3861 carta,
2276 3798 2389 3867 per
2444 3798 2705 3846 manum

463 3889 703 3960 domini
771 3881 1100 3982 manasse]
1177 3888 1650 3960 Aurelianensis
1730 3888 2014 3980 episcopi
2107 3904 2173 3960 *et
2238 3913 2452 3961 coram
2527 3888 2704 3961 omni

464 4003 741 4094 capitulo
806 4006 1035 4073 Sancte
1087 4001 1334 4085 Crucis,
1389 4002 1599 4073 abbati
1678 4002 1892 4073 Sancti
1943 4002 2193 4074 Evurcii
2249 4007 2601 4075 traderetur
2645 4016 2709 4073 et

459 4116 743 4214 episcopi
782 4115 1000 4208 prefati
1040 4115 1248 4207 sigillo
1276 4119 1654 4201 muniretur,
1693 4131 1761 4186 ut
1800 4120 1966 4208 quod
2006 4117 2277 4209 precipit
2319 4133 2489 4188 carta
2524 4140 2704 4209 pror-

461 4255 571 4301 sus
613 4231 744 4301 fieri
786 4230 1042 4314 iaciant,
1082 4245 1144 4301 et
1179 4231 1229 4301 si
1271 4229 1415 4322 quis
1441 4230 1881 4302 contradicere
1911 4236 2031 4302 boc
2064 4230 2529 4324 presumpserit
2562 4230 2703 4323 spi—

463 4346 669 4416 rituali
702 4344 923 4434 ·gladio
962 4367 1107 4415 eum
1141 4347 1398 4414 feriant.

1857 4520 2715 4530 —————————————-——---

528 4610 549 4644 ¹
589 4609 734 4663 Tout
763 4625 825 4664 ce
855 4609 1226 4680 paragraphe,
1256 4609 1478 4664 d'encre
1510 4610 1635 4679 plus
1683 4611 1864 4676 noire,
1911 4626 1943 4663 a
1995 4610 2081 4664 ete
2120 4611 2307 4680 ajout&
2346 4612 2508 4681 apres
2545 4627 2712 4682 coup,

466 4699 603 4753 mais
630 4699 699 4754 de
730 4699 785 4753 la
811 4699 995 4753 meme
1022 4698 1175 4753 main
1201 4703 1262 4754 ot
1290 4700 1321 4753 a
1360 4698 1412 4753 la
1443 4701 1629 4754 meme
1654 4698 1803 4754 date.
