3485 5571
1775 661 2134 726 —194—

1872 1083 2032 1145 CXII

1603 1409 1680 1472 24
1717 1407 2076 1472 decembre
2121 1406 2280 1471 1194

821 1681 1175 1757 Application
1221 1681 1299 1738 du
1344 1683 1499 1754 loyer
1544 1680 1644 1738 des
1689 1683 1936 1739 maisons
1982 1680 2243 1753 reparees
2290 1679 2359 1736 de
2406 1678 2795 1736 l’archidiacre
2843 1681 2992 1736 Jean
3035 1685 3090 1735 et

1036 1779 1342 1848 d’Anseau,
1371 1794 1476 1835 son
1504 1778 1674 1850 frere,
1705 1779 1738 1834 a
1766 1779 1823 1835 la
1848 1777 2190 1834 celebration
2217 1777 2288 1833 de
2315 1776 2445 1834 leur
2467 1776 2870 1833 anniversaire.

1296 1948 1475 2021 (Orig.
1510 1966 1558 2007 s.
1591 1949 1784 2022 purch.
1815 1948 1985 2007 Arch.
2018 1948 2097 2004 du
2125 1948 2330 2019 Loiret,
2356 1949 2423 2004 G.
2453 1946 2604 2018 268).

917 2223 1048 2312 Ego
1105 2219 1359 2313 ll[ugo],
1413 2217 1889 2293 Aurelianensis
1958 2219 2236 2292 ecclesie
2295 2221 2613 2306 decanus,
2679 2215 3092 2290 universum-

828 2357 954 2428 que
983 2335 1273 2426 ejusdem
1304 2334 1581 2406 ecclesie
1613 2333 1991 2427 capitulum,
2033 2336 2342 2407 omnibus
2374 2346 2742 2426 presentem
2768 2331 3077 2424 paginam

825 2448 1193 2520 videntibus
1255 2447 1319 2517 in
1363 2446 1641 2521 Domino
1677 2450 1976 2520 salutem.
2018 2452 2171 2520 Tam
2227 2447 2624 2540 presentium
2682 2470 2876 2539 quam
2918 2449 3090 2517 futu·

825 2585 1041 2634 rorum
1082 2563 1330 2632 noverit
1354 2561 1758 2649 universitas,
1791 2565 1940 2654 quia
1966 2584 2085 2634 nos
2111 2565 2519 2634 attendentes
2558 2561 3087 2634 emendationem

824 2699 859 2748 a
895 2678 1215 2760 Johanne,
1255 2677 1710 2747 archidiacono
1736 2689 1984 2764 nostro,
2020 2691 2086 2748 et
2124 2679 2203 2748 ab
2234 2679 2518 2761 Ansello‚
2559 2679 2750 2748 fratre
2781 2678 2959 2767 ejus,
3025 2673 3092 2744 in

826 2792 1114 2883 ipsorum
1158 2789 1457 2862 domibus
1496 2791 2268 2875 lactam,considerantes
2319 2806 2608 2884 preterea
2649 2789 3085 2882 integritatem

830 2902 1191 2976 devotionis
1220 2927 1411 2995 quam
1457 2927 1606 2996 erga
1642 2902 1985 2977 ecclesiam
2018 2919 2303 2977 nostram
2336 2905 2712 2998 impendere
2737 2901 3093 2976 dinoscun-

835 3033 968 3103 tur,
1007 3021 1087 3089 ad
1155 3040 1381 3110 preces
1438 3022 1778 3110 utriusque
1844 3018 2290 3092 concessimus
2357 3033 2449 3104 ut,
2528 3032 2675 3112 post
2742 3020 3092 3089 decessum

833 3155 1085 3218 eorum,
1129 3130 1436 3224 quicquid
1475 3135 1818 3224 pensionis
1856 3156 1932 3205 ex
1971 3136 2272 3205 domibus
2311 3133 2439 3205 illis
2479 3131 2810 3226 proveniet
2846 3133 2916 3202 in
2956 3153 3092 3202 am-

835 3251 1061 3319 borum
1106 3246 1559 3320 anniversariis
1628 3246 1967 3320 dividatur.
2022 3251 2097 3320 Et
2159 3263 2229 3319 ut
2283 3252 2405 3320 hec
2472 3261 2691 3320 nostra
2743 3247 3091 3319 concessio

790 3402 798 3409 ·
834 3360 1076 3432 firmior
1116 3376 1545 3453 permaneret,
1580 3359 1773 3453 sigilli
1816 3365 2022 3434 nostri
2059 3361 2414 3434 munimine
2454 3361 2726 3434 lecimus
2763 3360 3084 3432 roborari.

835 3480 1062 3546 Actum
1118 3474 1181 3545 in
1231 3474 1510 3568 capitulo
1568 3488 1817 3563 nostro,
1863 3479 1931 3546 in
1977 3474 2188 3568 vigilia
2221 3477 2504 3549 Nathalis
2552 3475 2838 3558 Domini,
2898 3494 3076 3545 anno

834 3587 1293 3660 incarnationis
1322 3587 1663 3661 Dominice
1701 3593 2050 3662 MCXCllll.
