3485 5571
1407 672 1723 734 —41—

441 818 560 875 tam
596 810 1011 894 praesentium
1052 825 1241 892 quam
1308 805 1660 872 futurorum
1723 801 1787 871 in
1861 803 2170 873 ecclesias
2212 816 2319 873 aut
2369 805 2507 874 loca
2562 827 2680 875 seu

439 917 713 1008 reliquas
747 917 1194 1008 possessiones
1233 939 1392 1007 quas
1454 918 1765 987 moderno
1828 930 2121 1007 tempore
2159 916 2225 986 in
2288 916 2681 1006 quibuslibet

437 1031 614 1123 pagis
657 1035 751 1103 vel
791 1031 1126 1102 territoriis
1163 1034 1340 1122 juste
1380 1045 1443 1101 et
1480 1028 1765 1120 legaliter
1807 1044 2154 1101 memorata
2184 1030 2678 1115 tenetecclesia,

436 1168 552 1217 nec
596 1145 660 1214 in
698 1168 808 1216 eas
846 1168 950 1216 res
989 1169 1131 1237 quze
1186 1146 1493 1235 deinceps
1523 1169 1558 1214 a
1586 1143 1921 1215 catholicis
1965 1144 2175 1216 eidem
2235 1149 2504 1217 conlatae
2546 1149 2682 1216 fue·

434 1259 555 1330 rint
608 1260 928 1342 ecclesiae,
1012 1262 1090 1330 ad
1149 1283 1380 1332 causas
1428 1257 1810 1343 audiendas,
1863 1263 1960 1331 vel
2035 1261 2209 1332 freda
2269 1276 2377 1331 aut
2446 1261 2679 1332 tributa

433 1376 852 1465 theloneaque
892 1373 1223 1464 exigenda,
1286 1387 1396 1444 aut
1437 1376 1811 1444 mansiones
1857 1377 1951 1445 vel
2010 1389 2257 1465 paratas
2322 1374 2676 1460 faciendas„

428 1503 532 1557 aut
558 1491 974 1579 fidejussores
1013 1490 1362 1570 tollendos,
1422 1502 1527 1558 aut
1590 1489 1886 1559 homines
1945 1488 2152 1580 ipsius>
2205 1488 2501 1560 ecetesiae
2548 1504 2675 1560 tam

429 1602 744 1692 ingenuos
807 1625 998 1692 quam
1079 1625 1299 1672 servos
1361 1626 1556 1693 super
1598 1617 1831 1674 terram
1905 1604 2113 1694 ipsius
2191 1619 2678 1675 commanentes

427 1715 904 1806 distringendos
957 1739 1071 1787 seu
1111 1715 1267 1786 alias
1306 1715 1724 1787 redibitiones
1759 1732 1866 1788 aut
1920 1715 2246 1788 inlicitas*
2293 1720 2675 1790 occasiones

427 1830 667 1900 nostris
706 1844 771 1901 et
814 1830 1041 1901 futuris
1088 1830 1484 1922 temporibus
1524 1830 1784 1922 aggredi
1836 1834 2091 1917 audeat,
2146 1854 2361 1921 neque
2431 1854 2503 1904 ea
2536 1856 2679 1923 quae

426 1970 616 2038 supra
658 1961 1007 2018 memorata
1059 1960 1209 2016 sunt
1261 1946 1510 2038 exigere
1554 1945 1809 2038 penitus
1873 1961 2264 2039 praesumat;
2317 1950 2429 2019 sed
2490 1946 2681 2019 liceat

425 2063 688 2152 praefato
721 2061 978 2153 praesuli
1013 2060 1276 2151 suisque
1317 2062 1808 2132 successoribus
1830 2084 1932 2133 res
1979 2064 2302 2153 praedictae
2352 2061 2670 2144 ecclesiae,

429 2197 574 2245 cum
604 2174 1043 2258 monasteriiS‚
1085 2174 1293 2258 cellis,
1330 2174 1498 2246 villis
1537 2175 1657 2246 sibi
1691 2175 2029 2266 subjectis,
2062 2191 2125 2247 et
2151 2179 2344 2247 rebus
2379 2174 2680 2247 omnibus

427 2291 517 2360 vel
547 2288 922 2360 hominibus
962 2291 1040 2359 ad
1076 2311 1147 2360 se
1180 2288 1649 2380 pertinentibus
1685 2292 1781 2361 vel
1824 2287 2319 2380 aspicientibuS,
2361 2313 2484 2362 una
2526 2313 2674 2361 cum

426 2403 663 2476 telonei
724 2404 1064 2475 medietate
1121 2419 1185 2476 et
1250 2419 1428 2495 porta
1510 2402 1839 2495 Farysiaca
1865 2417 1927 2487 Φ,
1995 2403 2164 2476 sicut
2216 2404 2279 2473 in
2334 2403 2675 2495 praeceptis

423 2541 650 2608 regum
711 2517 1075 2589 continetur
1121 2522 1531 2599 Francorum,
1595 2522 1688 2588 vel
1722 2517 1912 2589 etiam
1956 2517 2144 2589 nonis
2183 2532 2247 2589 et
2287 2517 2560 2589 decimis
2599 2521 2679 2588 de

417 2634 916 2723 quibuscunque
956 2633 1115 2704 locis
1157 2635 1251 2704 vel
1287 2633 1500 2723 pagiss
1528 2632 1616 2702 ibi
1659 2631 2178 2724 pertinentibus&
2217 2648 2407 2723 atque
2450 2633 2680 2703 immu-

420 2746 642 2817 nitatis
685 2762 921 2818 nostrae
961 2746 1359 2826 defensione,
1404 2762 1646 2818 remota
1696 2747 1894 2818 totius
1926 2746 2280 2839 judiciariae
2341 2745 2678 2839 potestatis

419 2860 894 2953 inquietudine,
936 2863 1153 2952 quieto
1216 2884 1291 2933 ac
1360 2861 1562 2932 libero
1627 2861 1851 2932 ordine
1914 2861 2270 2953 possidere,
2330 2876 2520 2953 atque
2563 2885 2676 2953 pro

418 2973 859 3045 incolumitate
889 2989 1105 3045 nostra
1174 2996 1286 3045 seu
1319 2978 1516 3045 etiam
1560 2973 1754 3044 totius
1797 2973 1973 3066 regni
2004 2973 2351 3045 stabilitate
2392 2989 2454 3045 et
2483 2977 2674 3064 hujus

336 3101 345 3106 ’
420 3093 721 3159 Romanae
763 3087 970 3173 Sedis»,
1003 3086 1188 3158 nobis
1227 3112 1260 3157 a
1300 3091 1434 3158 Deo
1470 3088 1836 3159 commissae
1867 3091 2134 3179 ejusque
2174 3087 2676 3159 clementissima

418 3201 835 3274 miseratione
874 3225 985 3293 per
1020 3201 1405 3272 immensum
1440 3200 1862 3273 conservandi
1903 3216 2068 3272 statu
2092 3215 2119 3247 ²
2159 3226 2282 3272 una
2321 3225 2470 3272 cum
2500 3205 2677 3273 clero

416 3330 479 3385 et
509 3318 756 3408 populo
788 3314 908 3386 sibi
942 3318 1235 3406 subjecto
1265 3314 1378 3386 Dei
1414 3315 1800 3386 immensam
1821 3315 2061 3407 jugiter
2100 3338 2359 3387 exorare
2385 3319 2671 3386 clemen-

415 3431 567 3501 tiam
608 3445 676 3500 et
706 3429 1006 3521 quicquid
1050 3433 1130 3500 de
1183 3429 1461 3520 praefatis
1516 3434 1710 3500 rebus
1751 3429 2045 3501 ecclesiae
2080 3433 2186 3521 jus
2233 3429 2369 3531 fisci
2423 3429 2675 3521 exigere

416 3557 692 3634 poterat,
771 3542 835 3612 in
888 3543 1207 3633 integrum
1272 3544 1483 3613 eidem
1533 3543 1896 3614 stabilimus
1957 3541 2252 3613 ecclesiae
2297 3541 2546 3614 scilicet
2609 3560 2678 3613 ut

416 3671 730 3748 perpetuo
761 3672 1049 3747 tempore
1120 3656 1183 3726 in
1254 3660 1481 3728 eodem
1522 3661 1665 3727 loco
1706 3661 1841 3728 Deo
1884 3657 2336 3728 famulantibus
2377 3660 2455 3727 ad
2491 3680 2672 3748 pera-

412 3779 698 3860 gendum
741 3770 854 3840 Dei
896 3769 1224 3841 servitium
1267 3784 1732 3841 aucmentumss
1763 3771 1844 3840 sit
1896 3785 1959 3841 et
1996 3773 2547 3861 supplementum.
2602 3774 2676 3840 Et

410 3884 560 3976 quia
595 3898 817 3956 nostra
846 3900 995 3955 suut
1046 3884 1405 3976 periculosa
1461 3901 1771 3977 tempora,
1815 3884 1878 3955 in
1915 3910 2058 3976 quae
2100 3889 2260 3957 fines
2306 3889 2673 3957 seculorum

412 4002 841 4082 devenerunt,
883 4002 948 4069 in
988 3999 1227 4090 quibus
1268 4002 1678 4071 habundante
1729 3999 2062 4091 iniquitate
2105 4004 2452 4071 multorum
2494 4000 2675 4070 refri-

411 4114 619 4204 gescit
644 4115 675 4159 ¹²
710 4112 972 4196 karita3‚
1016 4136 1156 4184 eam
1190 4113 1583 4184 auctoritatis
1615 4114 2094 4205 praerogativam
2131 4117 2405 4206 praelatae
2439 4115 2664 4184 matris

412 4226 713 4297 ecclesiae
757 4229 929 4298 clero
973 4230 1068 4299 vel
1134 4231 1370 4318 populo
1400 4227 1796 4299 constituere
1836 4243 1899 4299 et
1934 4227 2228 4300 ordinare
2279 4228 2541 4320 placuit,
2586 4251 2666 4298 ne

474 4538 629 4588 xlx.
667 4566 726 4576 -
755 4555 802 4590 ο.
830 4540 893 4601 B)
918 4539 1158 4591 illicitas.
1182 4567 1241 4578 —
1263 4556 1322 4590 x.
1354 4540 1395 4590 B
1421 4547 1469 4589 σε
1501 4541 1555 4603 S)
1590 4540 1884 4591 Pax-isiaca.
1904 4567 1963 4577 -
1999 4558 2054 4606 y.
2087 4541 2152 4590 In
2195 4538 2348 4591 bulla
2390 4542 2672 4592 Benedicti

414 4619 649 4670 additur
673 4619 1071 4672 sub·tuiti0nis.
1118 4646 1181 4663 -
1220 4636 1273 4670 z.
1323 4620 1365 4672 B
1400 4628 1452 4672 et
1499 4621 1558 4685 S)
1599 4626 1827 4674 statum.
1878 4648 1938 4658 -
1980 4635 2037 4674 α.
2095 4621 2156 4684 B)
2206 4627 2575 4690 augmentum.
2612 4642 2676 4663 -·

418 4699 466 4756 b.
500 4698 565 4764 B)
594 4700 925 4768 refrigescet.
