3485 5571
1425 707 1785 772 ...533-

486 839 767 928 plenarie
841 834 1265 909 satisfactum.
1333 839 1740 908 Reverendus
1807 859 1882 908 ac
1954 835 2332 909 venerabilis
2405 853 2584 930 pater
2664 852 2730 912 et

485 950 830 1043 episcopus
879 965 1123 1034 noster,
1166 974 1311 1022 cum
1352 974 1386 1022 a
1458 949 1710 1022 civitate
1751 965 2057 1042 tanquam
2116 954 2257 1021 exul
2301 965 2366 1023 et
2423 957 2727 1045 profugus

484 1067 884 1147 recessisset,
964 1064 1290 1136 caritatem
1364 1080 1636 1136 vestram
1709 1064 1981 1136 dulciter
2018 1063 2374 1156 imploravit
2419 1071 2591 1158 quod
2655 1070 2724 1139 in

486 1179 758 1251 ecclesia
789 1193 994 1251 vestra
1026 1178 1239 1250 divina
1265 1182 1660 1271 suspendere
1697 1180 2068 1250 curassetis.
2097 1183 2237 1280 Sed
2281 1204 2416 1267 vos,
2470 1181 2725 1252 exilium

485 1295 625 1385 ejus
682 1308 745 1365 et
813 1296 1026 1385 sugam
1093 1293 1401 1365 induratis
1482 1294 1806 1365 mentibus
1872 1306 2304 1379 transeunteS‚
2383 1318 2728 1387 campanas

488 1422 732 1479 vestras
805 1407 1006 1499 magis
1067 1408 1257 1480 solito
1317 1407 1737 1499 compulsatis
1798 1407 1862 1478 in
1924 1423 2364 1501 contemptum
2407 1424 2723 1498 nostrum,

488 1546 741 1595 necnon
799 1534 864 1595 et
937 1523 1001 1592 in
1043 1521 1353 1593 duriciam
1431 1538 1705 1595 vestram
1761 1546 1908 1594 cum
1962 1524 2184 1616 maj0ri
2253 1525 2730 1617 sollempnitate

488 1636 770 1709 divinum
803 1636 1083 1708 officium
1120 1636 1483 1709 celebratis.
1528 1642 1682 1708 Cum
1724 1637 1919 1729 igitur
1960 1661 2102 1709 vera
2135 1638 2386 1730 justitia
2431 1663 2732 1730 compas-

489 1754 739 1824 sionem
777 1753 1034 1835 habeat‚
1093 1754 1247 1823 lalsa
1296 1775 1443 1822 vero
1484 1751 2029 1842 dedignationem,
2085 1754 2266 1823 vobis
2308 1776 2535 1844 preces
2574 1755 2732 1824 offe-

488 1868 689 1938 rimus
727 1867 1023 1958 copio’sas
1049 1870 1379 1958 quatinus,
1424 1864 1795 1954 sicutuvobis
1827 1865 2064 1939 dictum
2099 1882 2226 1951 est,
2269 1864 2331 1937 in
2369 1865 2732 1958 pulsatione

490 2004 941 2073 campanarum
980 1995 1043 2052 et
1085 1981 1146 2050 in
1183 1995 1374 2053 cantu
1405 1979 1915 2073 sollempnitates
1970 1982 2217 2053 debitas
2286 1983 2729 2074 suspendatis,

492 2099 588 2167 vel
624 2094 1113 2167 familiaritatem
1155 2110 1437 2168 nostram
1470 2095 1726 2189 penitus
1757 2094 2086 2168 amittetis.

1397 2484 1840 2548 CCCLXXXVI

1533 2761 1733 2844 [1211]

567 3017 827 3087 Reponse
849 3015 1109 3088 ironique
1140 3017 1208 3072 de
1237 3016 1643 3087 Saint-Aignan
1667 3017 1700 3071 a
1730 3016 2116 3073 Sainte-Croix
2142 3033 2154 3073 :
2187 3016 2393 3073 fondee
2419 3033 2521 3088 par
2550 3018 2602 3072 le
2632 3019 2740 3087 roi,

518 3126 621 3168 eur
659 3113 833 3183 eglise
870 3129 941 3168 ne
970 3120 1103 3185 peut
1133 3114 1509 3184 interrompre
1537 3112 1617 3167 les
1644 3113 1839 3168 offices
1870 3130 1979 3185 que
2010 3113 2078 3168 de
2107 3113 2264 3168 l’avis
2294 3113 2371 3169 du
2394 3114 2497 3170 roi.

1063 3258 1272 3330 (Gopie.
1308 3258 1428 3313 Bib.
1463 3260 1585 3314 Nat.
1618 3259 1822 3314 Baluze
1853 3257 1989 3313 128:
2017 3257 2154 3328 309)

496 3088 513 3142 l

586 3448 1036 3521 Dilectissimis
1095 3449 1157 3520 in
1220 3451 1473 3521 Christo
1520 3450 1802 3521 dominis
1870 3452 2133 3520 Fulconi
2192 3454 2436 3521 decano
2498 3450 2741 3541 totique

499 3563 972 3634 Aurelianensis
1023 3564 1298 3635 ecclesie
1359 3563 1641 3656 capitulo
1709 3564 2177 3657 R[aginaldus],
2244 3563 2459 3635 Sancti
2514 3565 2741 3634 Auiani

499 3680 807 3761 decanuS,
851 3691 1182 3769 totumque
1212 3676 1561 3769 capitulum
1595 3681 1869 3748 salutem
1895 3691 1959 3748 et
2001 3692 2290 3768 paratum
2332 3680 2398 3748 in
2438 3679 2742 3749 omnibus

498 3791 905 3879 obsequium.
952 3793 1182 3860 Contra
1223 3813 1436 3880 regem
1467 3789 1621 3861 nihil
1663 3792 1856 3862 debet
1888 3790 2048 3875 fieri,
2091 3790 2212 3861 nisi
2255 3814 2404 3882 rege
2444 3795 2742 3863 consulto

500 3903 799 3995 primitus
837 3927 1030 3995 super
1060 3903 1317 3994 negotio
1351 3903 1705 3995 principali.
1749 3904 2009 3974 Caritati
2040 3920 2256 3976 nostre
2296 3904 2742 3976 transmisistis

498 4018 740 4090 litteras
780 4019 1188 4089 continentes
1227 4020 1396 4108 quod
1451 4041 1562 4090 vos
1593 4021 1776 4089 valde
1816 4033 2104 4089 nostram
2163 4021 2460 4089 duritiam
2514 4043 2740 4110 expro-

499 4131 718 4217 bratis,
784 4156 861 4203 eo
922 4134 1117 4224 quod,
1162 4135 1346 4203 vobis
1404 4146 1467 4202 et
1513 4132 1789 4204 ecclesie
1838 4148 2045 4204 vestre
2114 4156 2364 4205 necnon
2418 4148 2482 4204 et
2533 4136 2736 4204 dolori

500 4239 685 4312 vestri
707 4239 931 4332 capitis
960 4264 1089 4311 non
1114 4263 1460 4330 compassi,
1485 4244 1550 4310 in
1569 4242 1847 4312 ecclesia
1864 4255 2080 4312 nostra
2106 4244 2503 4312 celebramus
2532 4240 2740 4314 divina

500 4355 702 4446 magis
806 4354 1146 4446 sollempni
1234 4355 1509 4446 tripudio
1576 4379 1764 4447 quam
1850 4358 2162 4438 solemuS‚
2238 4367 2494 4446 propter
2566 4360 2737 4446 quod

496 4469 955 4562 indignationis
1031 4468 1182 4541 vitio
1250 4472 1536 4540 laborare
1599 4493 1713 4541 nos
1793 4474 2162 4560 probamus.
2215 4473 2306 4540 De
2369 4469 2740 4559 cognitione

498 4585 757 4676 quidem
804 4601 1010 4655 vestra
1063 4584 1384 4656 credimus
1426 4607 1546 4654 nos
1602 4587 1892 4675 elapsum
1928 4585 2101 4676 quod
2141 4587 2527 4654 Francorum
2556 4606 2741 4675 reges

503 4713 786 4770 nostram
830 4700 1175 4770 ecclesiam
1239 4700 1689 4784 fundaverunt,
1746 4696 1963 4769 multis
2028 4720 2169 4769 eam
2223 4697 2747 4791 possessionibus
