<?xml version="1.0" encoding="UTF-8"?>
<!DOCTYPE html PUBLIC "-//W3C//DTD XHTML 1.0 Transitional//EN"
    "http://www.w3.org/TR/xhtml1/DTD/xhtml1-transitional.dtd">
<html xmlns="http://www.w3.org/1999/xhtml" xml:lang="en" lang="en">
 <head>
  <title>
</title>
<meta http-equiv="Content-Type" content="text/html;charset=utf-8" />
  <meta name='ocr-system' content='tesseract 3.04.00' />
  <meta name='ocr-capabilities' content='ocr_page ocr_carea ocr_par ocr_line ocrx_word'/>
</head>
<body>
  <div class='ocr_page' id='page_1' title='image "./cartulairedesai00thilgoog_0467.png"; bbox 0 0 3485 5571; ppageno 0'>
   <div class='ocr_carea' id='block_1_1' title="bbox 1445 1048 1671 1109">
    <p class='ocr_par' dir='ltr' id='par_1_1' title="bbox 1445 1048 1671 1109">
     <span class='ocr_line' id='line_1_1' title="bbox 1445 1048 1671 1109; baseline 0.004 -2"><span class='ocrx_word' id='word_1_1' title='bbox 1445 1048 1671 1109; x_wconf 77' lang='lat' dir='ltr'>CXCV!</span> 
     </span>
    </p>
   </div>
   <div class='ocr_carea' id='block_1_2' title="bbox 1332 1347 1754 1417">
    <p class='ocr_par' dir='ltr' id='par_1_2' title="bbox 1332 1347 1754 1417">
     <span class='ocr_line' id='line_1_2' title="bbox 1332 1347 1754 1417; baseline 0.007 -9"><span class='ocrx_word' id='word_1_2' title='bbox 1332 1348 1555 1417; x_wconf 81' lang='lat' dir='ltr'>Juillet</span> <span class='ocrx_word' id='word_1_3' title='bbox 1599 1347 1754 1415; x_wconf 73' lang='lat'><strong>1221</strong></span> 
     </span>
    </p>
   </div>
   <div class='ocr_carea' id='block_1_3' title="bbox 520 1590 2564 1672">
    <p class='ocr_par' dir='ltr' id='par_1_3' title="bbox 520 1590 2564 1672">
     <span class='ocr_line' id='line_1_3' title="bbox 520 1590 2564 1672; baseline 0.006 -26"><span class='ocrx_word' id='word_1_4' title='bbox 520 1590 706 1662; x_wconf 80' lang='lat' dir='ltr'>(Or-ig.</span> <span class='ocrx_word' id='word_1_5' title='bbox 738 1607 839 1647; x_wconf 84' lang='lat' dir='ltr'>sur</span> <span class='ocrx_word' id='word_1_6' title='bbox 867 1592 1061 1663; x_wconf 70' lang='lat' dir='ltr'>perch.</span> <span class='ocrx_word' id='word_1_7' title='bbox 1101 1594 1272 1650; x_wconf 88' lang='lat' dir='ltr'>Arch.</span> <span class='ocrx_word' id='word_1_8' title='bbox 1305 1595 1383 1651; x_wconf 87' lang='lat' dir='ltr'>du</span> <span class='ocrx_word' id='word_1_9' title='bbox 1412 1595 1619 1666; x_wconf 87' lang='lat' dir='ltr'>Loiret‚</span> <span class='ocrx_word' id='word_1_10' title='bbox 1651 1598 1718 1653; x_wconf 89' lang='lat' dir='ltr'>G.</span> <span class='ocrx_word' id='word_1_11' title='bbox 1753 1596 1898 1665; x_wconf 73' lang='lat'>3253</span> <span class='ocrx_word' id='word_1_12' title='bbox 1938 1598 2187 1659; x_wconf 83' lang='lat' dir='ltr'><strong>mention</strong></span> <span class='ocrx_word' id='word_1_13' title='bbox 2216 1598 2564 1672; x_wconf 73' lang='lat' dir='ltr'><strong><em>Scriptum).</em></strong></span> 
     </span>
    </p>
   </div>
   <div class='ocr_carea' id='block_1_4' title="bbox 406 1843 2680 2506">
    <p class='ocr_par' dir='ltr' id='par_1_4' title="bbox 406 1843 2680 2506">
     <span class='ocr_line' id='line_1_4' title="bbox 510 1843 2680 1944; baseline 0.006 -34"><span class='ocrx_word' id='word_1_14' title='bbox 510 1843 675 1911; x_wconf 82' lang='lat' dir='ltr'>Acte</span> <span class='ocrx_word' id='word_1_15' title='bbox 770 1845 1255 1933; x_wconf 62' lang='lat' dir='ltr'>completement</span> <span class='ocrx_word' id='word_1_16' title='bbox 1343 1848 1677 1938; x_wconf 79' lang='lat' dir='ltr'>identique</span> <span class='ocrx_word' id='word_1_17' title='bbox 1748 1852 1790 1918; x_wconf 89' lang='grc' dir='ltr'>ὰ</span> <span class='ocrx_word' id='word_1_18' title='bbox 1850 1852 1916 1920; x_wconf 88' lang='lat' dir='ltr'>la</span> <span class='ocrx_word' id='word_1_19' title='bbox 1989 1850 2208 1921; x_wconf 78' lang='lat' dir='ltr'>charte</span> <span class='ocrx_word' id='word_1_20' title='bbox 2276 1853 2451 1937; x_wconf 89' lang='lat' dir='ltr'>CXC,</span> <span class='ocrx_word' id='word_1_21' title='bbox 2522 1857 2680 1944; x_wconf 77' lang='lat' dir='ltr'>saus</span> 
     </span>
     <span class='ocr_line' id='line_1_5' title="bbox 406 1957 2673 2047; baseline 0.007 -24"><span class='ocrx_word' id='word_1_22' title='bbox 406 1976 544 2024; x_wconf 80' lang='lat' dir='ltr'>une</span> <span class='ocrx_word' id='word_1_23' title='bbox 574 1957 818 2046; x_wconf 81' lang='lat' dir='ltr'><strong><em>phrase</em></strong></span> <span class='ocrx_word' id='word_1_24' title='bbox 852 1958 1097 2047; x_wconf 63' lang='lat' dir='ltr'>ajoutee</span> <span class='ocrx_word' id='word_1_25' title='bbox 1132 1981 1212 2029; x_wconf 82' lang='lat' dir='ltr'>en</span> <span class='ocrx_word' id='word_1_26' title='bbox 1267 1961 1302 2028; x_wconf 83' lang='lat' dir='ltr'><em>b</em></span> <span class='ocrx_word' id='word_1_27' title='bbox 1352 1984 1369 2029; x_wconf 73' lang='grc' dir='ltr'>ε</span> <span class='ocrx_word' id='word_1_28' title='bbox 1436 1990 1466 2023; x_wconf 84' lang='lat'>‹</span> <span class='ocrx_word' id='word_1_29' title='bbox 1510 1964 1603 2031; x_wconf 86' lang='lat' dir='ltr'>De</span> <span class='ocrx_word' id='word_1_30' title='bbox 1659 1960 1933 2033; x_wconf 89' lang='lat' dir='ltr'>consilio</span> <span class='ocrx_word' id='word_1_31' title='bbox 1972 1978 2185 2035; x_wconf 86' lang='lat' dir='ltr'>autem</span> <span class='ocrx_word' id='word_1_32' title='bbox 2231 1978 2294 2035; x_wconf 84' lang='lat' dir='ltr'>el</span> <span class='ocrx_word' id='word_1_33' title='bbox 2348 1968 2673 2039; x_wconf 89' lang='lat' dir='ltr'>voluntate</span> 
     </span>
     <span class='ocr_line' id='line_1_6' title="bbox 417 2068 2673 2164; baseline 0.006 -26"><span class='ocrx_word' id='word_1_34' title='bbox 417 2068 752 2159; x_wconf 84' lang='lat' dir='ltr'>prenotati</span> <span class='ocrx_word' id='word_1_35' title='bbox 813 2072 1242 2143; x_wconf 82' lang='lat' dir='ltr'>archidiaconi</span> <span class='ocrx_word' id='word_1_36' title='bbox 1302 2077 1584 2164; x_wconf 82' lang='lat' dir='ltr'>prefatus</span> <span class='ocrx_word' id='word_1_37' title='bbox 1642 2078 1783 2146; x_wconf 92' lang='lat' dir='ltr'>Odo</span> <span class='ocrx_word' id='word_1_38' title='bbox 1832 2076 2121 2160; x_wconf 87' lang='lat' dir='ltr'>Borrelli,</span> <span class='ocrx_word' id='word_1_39' title='bbox 2181 2100 2443 2150; x_wconf 83' lang='lat' dir='ltr'>nomine</span> <span class='ocrx_word' id='word_1_40' title='bbox 2503 2080 2673 2152; x_wconf 87' lang='lat' dir='ltr'>dicte</span> 
     </span>
     <span class='ocr_line' id='line_1_7' title="bbox 417 2182 2671 2284; baseline 0.005 -31"><span class='ocrx_word' id='word_1_41' title='bbox 417 2182 812 2267; x_wconf 76' lang='lat' dir='ltr'>elemosine,</span> <span class='ocrx_word' id='word_1_42' title='bbox 856 2184 1259 2257; x_wconf 89' lang='lat' dir='ltr'>Guillelmum</span> <span class='ocrx_word' id='word_1_43' title='bbox 1294 2190 1548 2259; x_wconf 87' lang='lat' dir='ltr'>Gauche</span> <span class='ocrx_word' id='word_1_44' title='bbox 1587 2203 1650 2260; x_wconf 87' lang='lat' dir='ltr'>et</span> <span class='ocrx_word' id='word_1_45' title='bbox 1673 2193 2030 2261; x_wconf 87' lang='lat' dir='ltr'>Johannam</span> <span class='ocrx_word' id='word_1_46' title='bbox 2061 2214 2317 2264; x_wconf 87' lang='lat' dir='ltr'>uxorem</span> <span class='ocrx_word' id='word_1_47' title='bbox 2358 2194 2498 2284; x_wconf 88' lang='lat' dir='ltr'>ejus</span> <span class='ocrx_word' id='word_1_48' title='bbox 2523 2218 2671 2266; x_wconf 87' lang='lat' dir='ltr'>cum</span> 
     </span>
     <span class='ocr_line' id='line_1_8' title="bbox 413 2298 2671 2395; baseline 0.006 -27"><span class='ocrx_word' id='word_1_49' title='bbox 413 2320 651 2368; x_wconf 87' lang='lat' dir='ltr'>eorum</span> <span class='ocrx_word' id='word_1_50' title='bbox 684 2298 832 2369; x_wconf 88' lang='lat' dir='ltr'>filiis</span> <span class='ocrx_word' id='word_1_51' title='bbox 873 2313 934 2371; x_wconf 84' lang='lat' dir='ltr'>et</span> <span class='ocrx_word' id='word_1_52' title='bbox 982 2299 1268 2372; x_wconf 90' lang='lat' dir='ltr'>teneuris</span> <span class='ocrx_word' id='word_1_53' title='bbox 1309 2325 1387 2373; x_wconf 90' lang='lat' dir='ltr'>eo</span> <span class='ocrx_word' id='word_1_54' title='bbox 1426 2305 1619 2374; x_wconf 90' lang='lat' dir='ltr'>modo</span> <span class='ocrx_word' id='word_1_55' title='bbox 1659 2327 1788 2395; x_wconf 89' lang='lat' dir='ltr'>quo</span> <span class='ocrx_word' id='word_1_56' title='bbox 1827 2305 2217 2395; x_wconf 87' lang='lat' dir='ltr'>premissum</span> <span class='ocrx_word' id='word_1_57' title='bbox 2251 2321 2352 2380; x_wconf 90' lang='lat' dir='ltr'>est</span> <span class='ocrx_word' id='word_1_58' title='bbox 2397 2310 2671 2381; x_wconf 84' lang='lat' dir='ltr'>ecclesie</span> 
     </span>
     <span class='ocr_line' id='line_1_9' title="bbox 408 2410 1699 2506; baseline 0.005 -26"><span class='ocrx_word' id='word_1_59' title='bbox 408 2410 866 2485; x_wconf 83' lang='lat' dir='ltr'>Aurelianensi</span> <span class='ocrx_word' id='word_1_60' title='bbox 906 2414 1082 2485; x_wconf 88' lang='lat' dir='ltr'>dedit</span> <span class='ocrx_word' id='word_1_61' title='bbox 1121 2428 1184 2487; x_wconf 89' lang='lat' dir='ltr'>et</span> <span class='ocrx_word' id='word_1_62' title='bbox 1221 2415 1699 2506; x_wconf 77' lang='lat' dir='ltr'>assignavit...»</span> 
     </span>
    </p>
   </div>
   <div class='ocr_carea' id='block_1_5' title="bbox 1408 2826 1665 2888">
    <p class='ocr_par' dir='ltr' id='par_1_5' title="bbox 1408 2826 1665 2888">
     <span class='ocr_line' id='line_1_10' title="bbox 1408 2826 1665 2888; baseline -0.004 0"><span class='ocrx_word' id='word_1_63' title='bbox 1408 2826 1665 2888; x_wconf 83' lang='lat' dir='ltr'>cxcvll</span> 
     </span>
    </p>
   </div>
   <div class='ocr_carea' id='block_1_6' title="bbox 1251 3127 1824 3210">
    <p class='ocr_par' dir='ltr' id='par_1_6' title="bbox 1251 3127 1824 3210">
     <span class='ocr_line' id='line_1_11' title="bbox 1251 3127 1824 3210; baseline -0.007 -19"><span class='ocrx_word' id='word_1_64' title='bbox 1251 3130 1637 3210; x_wconf 78' lang='lat' dir='ltr'>Septembre</span> <span class='ocrx_word' id='word_1_65' title='bbox 1670 3127 1824 3191; x_wconf 74' lang='lat'><strong>1221</strong></span> 
     </span>
    </p>
   </div>
   <div class='ocr_carea' id='block_1_7' title="bbox 414 3351 2664 3564">
    <p class='ocr_par' dir='ltr' id='par_1_7' title="bbox 414 3351 2664 3564">
     <span class='ocr_line' id='line_1_12' title="bbox 414 3351 2662 3454; baseline -0 -19"><span class='ocrx_word' id='word_1_66' title='bbox 414 3381 600 3436; x_wconf 88' lang='lat' dir='ltr'>Henri</span> <span class='ocrx_word' id='word_1_67' title='bbox 631 3379 701 3434; x_wconf 86' lang='lat' dir='ltr'>de</span> <span class='ocrx_word' id='word_1_68' title='bbox 729 3379 905 3454; x_wconf 85' lang='lat' dir='ltr'>Suny,</span> <span class='ocrx_word' id='word_1_69' title='bbox 933 3380 1197 3450; x_wconf 77' lang='lat' dir='ltr'>seigneur</span> <span class='ocrx_word' id='word_1_70' title='bbox 1222 3351 1291 3435; x_wconf 80' lang='lat' dir='ltr'>de</span> <span class='ocrx_word' id='word_1_71' title='bbox 1315 3380 1570 3444; x_wconf 88' lang='lat' dir='ltr'>Vierzon,</span> <span class='ocrx_word' id='word_1_72' title='bbox 1603 3380 1782 3435; x_wconf 82' lang='lat' dir='ltr'>ratifle</span> <span class='ocrx_word' id='word_1_73' title='bbox 1808 3380 1860 3436; x_wconf 79' lang='lat' dir='ltr'>le</span> <span class='ocrx_word' id='word_1_74' title='bbox 1889 3381 2006 3450; x_wconf 77' lang='lat' dir='ltr'>legs</span> <span class='ocrx_word' id='word_1_75' title='bbox 2031 3379 2128 3434; x_wconf 79' lang='lat' dir='ltr'>fait</span> <span class='ocrx_word' id='word_1_76' title='bbox 2159 3395 2257 3451; x_wconf 82' lang='lat' dir='ltr'>par</span> <span class='ocrx_word' id='word_1_77' title='bbox 2309 3379 2403 3435; x_wconf 85' lang='lat' dir='ltr'>feu</span> <span class='ocrx_word' id='word_1_78' title='bbox 2461 3379 2662 3446; x_wconf 71' lang='lat' dir='ltr'>Herve,</span> 
     </span>
     <span class='ocr_line' id='line_1_13' title="bbox 482 3475 2664 3564; baseline 0 -33"><span class='ocrx_word' id='word_1_79' title='bbox 482 3477 754 3546; x_wconf 84' lang='lat' dir='ltr'>seigneur</span> <span class='ocrx_word' id='word_1_80' title='bbox 768 3476 848 3564; x_wconf 27' lang='lat' dir='ltr'>,de</span> <span class='ocrx_word' id='word_1_81' title='bbox 876 3476 1137 3548; x_wconf 87' lang='lat' dir='ltr'>Vierzon,</span> <span class='ocrx_word' id='word_1_82' title='bbox 1168 3494 1241 3531; x_wconf 86' lang='lat' dir='ltr'>au</span> <span class='ocrx_word' id='word_1_83' title='bbox 1270 3477 1522 3548; x_wconf 84' lang='lat' dir='ltr'>chapitre</span> <span class='ocrx_word' id='word_1_84' title='bbox 1564 3476 1633 3532; x_wconf 90' lang='lat' dir='ltr'>de</span> <span class='ocrx_word' id='word_1_85' title='bbox 1664 3475 2047 3531; x_wconf 84' lang='lat' dir='ltr'>Sainte-Croix</span> <span class='ocrx_word' id='word_1_86' title='bbox 2074 3477 2142 3531; x_wconf 88' lang='lat' dir='ltr'>de</span> <span class='ocrx_word' id='word_1_87' title='bbox 2161 3475 2233 3531; x_wconf 89' lang='grc'>60</span> <span class='ocrx_word' id='word_1_88' title='bbox 2261 3492 2394 3532; x_wconf 84' lang='lat' dir='ltr'>sous</span> <span class='ocrx_word' id='word_1_89' title='bbox 2421 3475 2491 3531; x_wconf 91' lang='lat' dir='ltr'>de</span> <span class='ocrx_word' id='word_1_90' title='bbox 2507 3482 2664 3532; x_wconf 89' lang='lat' dir='ltr'>rente</span> 
     </span>
    </p>
   </div>
   <div class='ocr_carea' id='block_1_8' title="bbox 473 3572 1575 3644">
    <p class='ocr_par' dir='ltr' id='par_1_8' title="bbox 473 3572 1575 3644">
     <span class='ocr_line' id='line_1_14' title="bbox 473 3572 1575 3644; baseline -0.001 -15"><span class='ocrx_word' id='word_1_91' title='bbox 473 3573 745 3629; x_wconf 84' lang='lat' dir='ltr'>annuelle</span> <span class='ocrx_word' id='word_1_92' title='bbox 775 3588 875 3628; x_wconf 88' lang='lat' dir='ltr'>sur</span> <span class='ocrx_word' id='word_1_93' title='bbox 904 3573 956 3628; x_wconf 88' lang='lat' dir='ltr'>le</span> <span class='ocrx_word' id='word_1_94' title='bbox 980 3572 1189 3644; x_wconf 75' lang='lat' dir='ltr'>testage</span> <span class='ocrx_word' id='word_1_95' title='bbox 1217 3574 1286 3628; x_wconf 88' lang='lat' dir='ltr'>de</span> <span class='ocrx_word' id='word_1_96' title='bbox 1314 3574 1575 3632; x_wconf 85' lang='lat' dir='ltr'>Vierzon.</span> 
     </span>
    </p>
   </div>
   <div class='ocr_carea' id='block_1_9' title="bbox 841 3717 2093 3790">
    <p class='ocr_par' dir='ltr' id='par_1_9' title="bbox 841 3717 2093 3790">
     <span class='ocr_line' id='line_1_15' title="bbox 841 3717 2093 3790; baseline 0 -16"><span class='ocrx_word' id='word_1_97' title='bbox 841 3717 1016 3788; x_wconf 75' lang='lat' dir='ltr'>(Orig.</span> <span class='ocrx_word' id='word_1_98' title='bbox 1056 3734 1157 3774; x_wconf 84' lang='lat' dir='ltr'>sur</span> <span class='ocrx_word' id='word_1_99' title='bbox 1184 3720 1375 3790; x_wconf 88' lang='lat' dir='ltr'>parch.</span> <span class='ocrx_word' id='word_1_100' title='bbox 1418 3718 1587 3775; x_wconf 85' lang='lat' dir='ltr'>Arch.</span> <span class='ocrx_word' id='word_1_101' title='bbox 1634 3718 1711 3775; x_wconf 87' lang='lat' dir='ltr'>du</span> <span class='ocrx_word' id='word_1_102' title='bbox 1740 3718 1947 3789; x_wconf 90' lang='lat' dir='ltr'>Loiret‚</span> <span class='ocrx_word' id='word_1_103' title='bbox 1981 3719 2093 3790; x_wconf 57' lang='grc' dir='ltr'>ἃ).</span> 
     </span>
    </p>
   </div>
   <div class='ocr_carea' id='block_1_10' title="bbox 404 3960 2669 4742">
    <p class='ocr_par' dir='ltr' id='par_1_10' title="bbox 404 3960 2669 4742">
     <span class='ocr_line' id='line_1_16' title="bbox 501 3960 2661 4058; baseline -0.001 -24"><span class='ocrx_word' id='word_1_104' title='bbox 501 3961 813 4034; x_wconf 87' lang='lat' dir='ltr'>Henricus</span> <span class='ocrx_word' id='word_1_105' title='bbox 855 3963 935 4034; x_wconf 85' lang='lat' dir='ltr'>de</span> <span class='ocrx_word' id='word_1_106' title='bbox 965 3960 1240 4047; x_wconf 87' lang='lat' dir='ltr'>Soliaco,</span> <span class='ocrx_word' id='word_1_107' title='bbox 1276 3962 1578 4034; x_wconf 87' lang='lat' dir='ltr'>dominus</span> <span class='ocrx_word' id='word_1_108' title='bbox 1616 3961 1954 4045; x_wconf 86' lang='lat' dir='ltr'>Virsionis,</span> <span class='ocrx_word' id='word_1_109' title='bbox 2000 3962 2300 4035; x_wconf 90' lang='lat' dir='ltr'>omnibus</span> <span class='ocrx_word' id='word_1_110' title='bbox 2329 3975 2661 4058; x_wconf 82' lang='lat' dir='ltr'>presentes</span> 
     </span>
     <span class='ocr_line' id='line_1_17' title="bbox 404 4073 2665 4170; baseline 0.003 -26"><span class='ocrx_word' id='word_1_111' title='bbox 404 4075 654 4148; x_wconf 75' lang='lat' dir='ltr'>litteras</span> <span class='ocrx_word' id='word_1_112' title='bbox 684 4073 1073 4170; x_wconf 86' lang='lat' dir='ltr'>inspecturis</span> <span class='ocrx_word' id='word_1_113' title='bbox 1113 4078 1384 4147; x_wconf 83' lang='lat' dir='ltr'>salutem</span> <span class='ocrx_word' id='word_1_114' title='bbox 1426 4099 1489 4145; x_wconf 77' lang='lat' dir='ltr'>in</span> <span class='ocrx_word' id='word_1_115' title='bbox 1514 4075 1814 4146; x_wconf 88' lang='lat' dir='ltr'>Domino.</span> <span class='ocrx_word' id='word_1_116' title='bbox 1848 4076 2148 4148; x_wconf 82' lang='lat' dir='ltr'>Noverint</span> <span class='ocrx_word' id='word_1_117' title='bbox 2180 4076 2459 4148; x_wconf 87' lang='lat' dir='ltr'>universi</span> <span class='ocrx_word' id='word_1_118' title='bbox 2493 4079 2665 4167; x_wconf 90' lang='lat' dir='ltr'>quod</span> 
     </span>
     <span class='ocr_line' id='line_1_18' title="bbox 408 4187 2664 4280; baseline 0 -22"><span class='ocrx_word' id='word_1_119' title='bbox 408 4212 557 4259; x_wconf 87' lang='lat' dir='ltr'>cum</span> <span class='ocrx_word' id='word_1_120' title='bbox 600 4187 836 4259; x_wconf 89' lang='lat' dir='ltr'>nobilis</span> <span class='ocrx_word' id='word_1_121' title='bbox 883 4187 975 4257; x_wconf 91' lang='lat' dir='ltr'>vir</span> <span class='ocrx_word' id='word_1_122' title='bbox 1027 4192 1307 4260; x_wconf 90' lang='lat' dir='ltr'>Herveus</span> <span class='ocrx_word' id='word_1_123' title='bbox 1370 4192 1536 4260; x_wconf 89' lang='lat' dir='ltr'>bone</span> <span class='ocrx_word' id='word_1_124' title='bbox 1589 4189 1924 4276; x_wconf 85' lang='lat' dir='ltr'>memorie,</span> <span class='ocrx_word' id='word_1_125' title='bbox 1970 4195 2293 4280; x_wconf 83' lang='lat' dir='ltr'>qnondam</span> <span class='ocrx_word' id='word_1_126' title='bbox 2365 4189 2664 4261; x_wconf 90' lang='lat' dir='ltr'>dominus</span> 
     </span>
     <span class='ocr_line' id='line_1_19' title="bbox 408 4300 2669 4395; baseline 0.001 -23"><span class='ocrx_word' id='word_1_127' title='bbox 408 4300 873 4385; x_wconf 85' lang='lat' dir='ltr'>virsionensis,</span> <span class='ocrx_word' id='word_1_128' title='bbox 918 4301 1067 4373; x_wconf 88' lang='lat' dir='ltr'>viris</span> <span class='ocrx_word' id='word_1_129' title='bbox 1120 4302 1596 4374; x_wconf 83' lang='lat' dir='ltr'>venerabilibus</span> <span class='ocrx_word' id='word_1_130' title='bbox 1637 4305 1886 4375; x_wconf 84' lang='lat' dir='ltr'>decano</span> <span class='ocrx_word' id='word_1_131' title='bbox 1937 4319 2002 4375; x_wconf 87' lang='lat' dir='ltr'>et</span> <span class='ocrx_word' id='word_1_132' title='bbox 2053 4303 2333 4395; x_wconf 83' lang='lat' dir='ltr'>capitulo</span> <span class='ocrx_word' id='word_1_133' title='bbox 2397 4303 2669 4374; x_wconf 81' lang='lat' dir='ltr'>Aurelia-</span> 
     </span>
     <span class='ocr_line' id='line_1_20' title="bbox 414 4416 2667 4513; baseline 0.001 -26"><span class='ocrx_word' id='word_1_134' title='bbox 414 4419 727 4490; x_wconf 81' lang='lat' dir='ltr'>nensibus</span> <span class='ocrx_word' id='word_1_135' title='bbox 759 4416 1087 4510; x_wconf 78' lang='lat' dir='ltr'>sexaginta</span> <span class='ocrx_word' id='word_1_136' title='bbox 1135 4420 1378 4491; x_wconf 89' lang='lat' dir='ltr'>solidos</span> <span class='ocrx_word' id='word_1_137' title='bbox 1424 4418 1612 4490; x_wconf 78' lang='lat' dir='ltr'>annis</span> <span class='ocrx_word' id='word_1_138' title='bbox 1648 4417 1921 4512; x_wconf 82' lang='lat' dir='ltr'>singulis</span> <span class='ocrx_word' id='word_1_139' title='bbox 1960 4419 2025 4490; x_wconf 86' lang='lat' dir='ltr'>in</span> <span class='ocrx_word' id='word_1_140' title='bbox 2059 4419 2329 4513; x_wconf 78' lang='lat' dir='ltr'>festagio</span> <span class='ocrx_word' id='word_1_141' title='bbox 2394 4422 2476 4493; x_wconf 88' lang='lat' dir='ltr'>de</span> <span class='ocrx_word' id='word_1_142' title='bbox 2538 4419 2667 4490; x_wconf 90' lang='lat' dir='ltr'>Vir-</span> 
     </span>
     <span class='ocr_line' id='line_1_21' title="bbox 417 4530 2667 4625; baseline 0 -23"><span class='ocrx_word' id='word_1_143' title='bbox 417 4530 597 4603; x_wconf 88' lang='lat' dir='ltr'>sione</span> <span class='ocrx_word' id='word_1_144' title='bbox 638 4534 719 4603; x_wconf 91' lang='lat' dir='ltr'>de</span> <span class='ocrx_word' id='word_1_145' title='bbox 746 4534 1150 4604; x_wconf 83' lang='lat' dir='ltr'>illa&#39;moneta</span> <span class='ocrx_word' id='word_1_146' title='bbox 1189 4535 1270 4604; x_wconf 91' lang='lat' dir='ltr'>de</span> <span class='ocrx_word' id='word_1_147' title='bbox 1308 4555 1430 4624; x_wconf 83' lang='lat' dir='ltr'>qua</span> <span class='ocrx_word' id='word_1_148' title='bbox 1479 4532 1546 4603; x_wconf 91' lang='lat' dir='ltr'>in</span> <span class='ocrx_word' id='word_1_149' title='bbox 1603 4536 1830 4605; x_wconf 89' lang='lat' dir='ltr'>eadem</span> <span class='ocrx_word' id='word_1_150' title='bbox 1870 4536 2018 4604; x_wconf 78' lang='lat' dir='ltr'>villa</span> <span class='ocrx_word' id='word_1_151' title='bbox 2062 4533 2333 4625; x_wconf 90' lang='lat' dir='ltr'>reliqum</span> <span class='ocrx_word' id='word_1_152' title='bbox 2385 4536 2667 4605; x_wconf 86' lang='lat' dir='ltr'>solvetur</span> 
     </span>
     <span class='ocr_line' id='line_1_22' title="bbox 414 4642 2666 4742; baseline 0.002 -29"><span class='ocrx_word' id='word_1_153' title='bbox 414 4645 756 4736; x_wconf 82' lang='lat' dir='ltr'>lestagium</span> <span class='ocrx_word' id='word_1_154' title='bbox 794 4642 859 4716; x_wconf 92' lang='lat' dir='ltr'>in</span> <span class='ocrx_word' id='word_1_155' title='bbox 915 4648 1081 4719; x_wconf 83' lang='lat' dir='ltr'>festo</span> <span class='ocrx_word' id='word_1_156' title='bbox 1134 4647 1356 4718; x_wconf 81' lang='lat' dir='ltr'>Sancti</span> <span class='ocrx_word' id='word_1_157' title='bbox 1401 4643 1671 4742; x_wconf 78' lang='lat' dir='ltr'>Remigii</span> <span class='ocrx_word' id='word_1_158' title='bbox 1712 4645 2162 4741; x_wconf 87' lang='lat' dir='ltr'>percipiendos</span> <span class='ocrx_word' id='word_1_159' title='bbox 2203 4649 2268 4718; x_wconf 90' lang='lat' dir='ltr'>in</span> <span class='ocrx_word' id='word_1_160' title='bbox 2296 4647 2516 4719; x_wconf 86' lang='lat' dir='ltr'>ultima</span> <span class='ocrx_word' id='word_1_161' title='bbox 2550 4669 2666 4719; x_wconf 82' lang='lat' dir='ltr'>sua</span> 
     </span>
    </p>
   </div>
  </div>
 </body>
</html>
