3485 5571
1753 545 2069 611 -76-

789 690 1029 750 nostrae
1067 676 1523 769 praeceptionis
1567 675 2008 748 auctoritatem
2045 678 2352 767 jubemus
2390 687 2451 745 et
2490 671 2755 744 omnino
2817 675 3023 745 decer·

792 791 1005 863 nimus
1047 806 1141 878 ut,
1184 792 1349 863 sicut
1397 796 1477 863 ab
1516 794 1746 863 eodem
1787 790 2092 882 episcopo
2133 813 2246 881 per
2301 803 2724 860 memoratum
2784 787 3023 878 privile-

790 907 963 997 gium
1005 929 1153 996 erga
1185 909 1457 978 eandem
1482 910 1499 945 ¹
1531 908 1758 977 cellam
1801 904 2225 976 constitutum
2257 917 2382 990 est,
2439 902 2525 972 ita
2558 900 2798 971 nostris
2860 906 3019 972 sutu-

790 1018 1007 1112 risque
1053 1022 1457 1111 temporibus
1531 1044 1564 1091 a
1620 1017 1977 1090 rectoribus
2040 1030 2405 1088 memoratae
2477 1015 2773 1087 ecclesiae
2828 1015 3025 1087 modis

790 1132 1091 1205 omnibus
1130 1136 1529 1214 observetur,
1575 1132 1655 1204 ita
1696 1134 2020 1203 dumtaxat
2074 1144 2142 1201 ut
2181 1113 2537 1222 in'praesata
2576 1132 2766 1212 cella,
2808 1133 2871 1199 in
2912 1153 3028 1220 qua

792 1251 944 1321 olim
991 1252 1302 1341 quosdam
1345 1263 1605 1320 sanctos
1662 1249 1831 1320 viros
1889 1252 2008 1318 sub
2049 1249 2404 1319 monastico
2452 1248 2677 1317 ordine
2738 1248 3026 1338 probabi-

792 1364 935 1435 liter
973 1362 1203 1435 vixisse
1250 1368 1512 1454 Deoque
1556 1360 1874 1454 placuisse
1913 1360 2229 1433 evidentia
2277 1373 2651 1451 argumenta
2693 1372 3054 1443 testantur,

789 1502 1063 1571 quorum
1102 1477 1291 1550 etiam
1333 1477 1691 1548 interventu
1735 1477 1902 1547 idem
1964 1477 2120 1547 ordo
2169 1474 2232 1544 in
2283 1478 2510 1546 eodem
2551 1477 2695 1546 loco
2744 1474 3028 1545 creditur

793 1614 940 1664 esse
1001 1593 1357 1679 restitutus,
1421 1603 1792 1664 memoratae
1841 1589 2016 1661 sedis
2069 1588 2479 1680 pontificibus
2518 1587 3026 1679 procurantibuS,

792 1729 1049 1798 semper
1074 1705 1387 1798 regularis
1417 1708 1575 1776 ordo
1607 1702 2090 1791 religiosissime
2132 1717 2424 1775 teneatur
2471 1725 2543 1772 ac
2590 1700 3030 1786 custodiatur3

792 1834 1027 1893 etcum
1090 1824 1287 1892 abbas
1358 1820 1564 1912 ipsius
1620 1818 1996 1890 monasterii
2074 1820 2268 1888 rebus
2331 1817 2627 1887 humanis
2707 1830 3035 1906 exemptus

793 1934 1004 2019 suerit,
1050 1934 1421 2027 providente
1466 1936 1754 2025 ejusdem
1797 1933 1971 2003 sedis
2005 1930 2320 2025 ⁴pontifice
2360 1953 2432 2000 ac
2473 1931 2640 2021 piam
2682 1944 3037 2022 paternam-

793 2073 918 2141 que
951 2048 1451 2121 sollicitudinem
1494 2059 1782 2139 gerente,
1838 2069 1914 2117 eo
1976 2044 2201 2118 ordine
2248 2048 2621 2136 praeferatur
2676 2042 2771 2115 eis
2812 2046 3031 2131 abbaS,

792 2165 963 2235 sicut
1001 2165 1066 2234 in
1125 2164 1355 2234 eodem
1409 2158 2177 2252 contineturprivilegio.
2225 2163 2349 2230 Res
2390 2181 2673 2249 quoque,
2724 2157 2857 2228 sive
2897 2181 3039 2247 quae

792 2277 1001 2349 eidem
1019 2279 1197 2348 cellae
1231 2280 1405 2368 juste
1445 2291 1508 2346 et
1546 2274 1835 2367 legaiiter
1875 2273 2220 2365 pertinent,
2263 2296 2409 2343 cum
2452 2272 2709 2364 praediis
2759 2274 3038 2356 duobus,

793 2390 1112 2478 Quasellis
1134 2389 1380 2461 scilicet
1405 2403 1470 2461 et
1500 2393 1811 2461 Castaneo
1840 2386 2064 2472 villari,
2091 2388 2224 2459 sive
2245 2411 2389 2479 quae
2412 2387 2620 2458 eidem
2639 2388 2664 2432 2
2694 2388 3041 2478 episcopus

794 2519 1040 2596 postea,
1085 2508 1164 2574 de
1215 2527 1408 2575 causa
1465 2502 1776 2595 episcopii
1821 2503 1967 2586 sui,
2033 2505 2111 2573 de
2183 2502 2429 2572 ratione
2473 2502 2724 2572 scilicet
2775 2500 3041 2571 alterius

794 2623 975 2692 eellae
1042 2617 1245 2689 sancti
1304 2601 1640 2698 Maximini,
1709 2620 1787 2688 ad
1848 2615 2130 2685 divinum
2172 2614 2453 2686 osticium
2515 2613 3042 2686 honorificentius

794 2736 1227 2828 peragendum
1267 2731 1324 2804 ei
1366 2730 1826 2823 superaddidit,
1872 2730 1934 2800 in
1975 2732 2295 2821 integrum
2343 2732 2585 2821 absque
2643 2731 2767 2800 ulla
2810 2727 2909 2800 sui
2945 2728 3039 2799 di-

795 2849 1174 2931 minutione,
1216 2846 1384 2918 sicut
1413 2850 1491 2918 ab
1524 2869 1600 2917 eo
1630 2844 2051 2918 constitutum
2092 2859 2215 2930 est,
2252 2843 2317 2913 in
2358 2867 2516 2914 usus
2576 2846 3036 2914 monachorum

795 2965 1049 3035 cedant.
1085 2962 1270 3047 Quod
1311 2958 1363 3031 si
1405 2964 1565 3030 forte
1606 2958 1704 3030 bis
1746 2961 1937 3030 rebus
1964 2973 2221 3050 propter
2247 2956 2359 3029 Dei
2411 2979 2693 3028 amorem
2735 2960 3045 3049 episcopo

794 3076 1000 3168 ipsius
1071 3074 1243 3147 sedis
1318 3073 1688 3166 quippiam³
1753 3074 2183 3164 superaddere
2254 3071 2532 3156 libuerit,
2596 3072 2658 3141 id
2709 3094 2854 3143 cum
2932 3069 3045 3141 Dei

796 3192 1020 3282 gratia,
1101 3191 1485 3279 suffragante
1546 3187 1667 3258 sibi
1737 3187 2081 3279 pontificali
2146 3184 2549 3269 auctoritate,
2621 3183 3046 3256 libentissime

800 3319 1079 3396 peragat.
1105 3306 1179 3375 Et
1206 3302 1259 3373 si
1299 3306 1458 3373 sorte
1498 3305 1619 3373 hoc
1650 3304 1707 3372 ei
1753 3306 1958 3372 facere
1996 3315 2061 3372 et
2102 3303 2393 3371 voluntas
2447 3315 2512 3370 et
2543 3302 2810 3370 facultas
2852 3302 3045 3369 dene-

798 3419 1064 3510 gaverit,
1108 3420 1186 3487 de
1226 3416 1326 3488 bis
1364 3440 1511 3508 quae
1552 3420 1800 3487 collatae
1822 3429 1973 3485 sunt
2014 3414 2205 3485 nichil
2247 3428 2357 3484 aut
2394 3412 2743 3504 cupiditate
2783 3415 3041 3493 duetus,

797 3547 907 3603 aut
961 3530 1230 3622 alicujus
1283 3531 1700 3622 persuasione
1744 3550 2104 3599 succensus
2168 3526 2454 3619 quolibet
2510 3529 2700 3597 modo
2757 3529 3045 3609 auferat3

798 3649 910 3716 sed
942 3644 1153 3737 potius
1194 3643 1490 3715 monachi
1541 3643 1745 3734 ipsius
1786 3644 1963 3713 eellae
2024 3640 2124 3711 his
2176 3655 2237 3712 et
2288 3638 2521 3713 ceteris
2582 3643 2776 3711 rebus
2835 3663 2868 3709 a
2931 3637 3046 3709 Dei

796 3758 1172 3830 timentibus
1211 3757 1330 3828 sibi
1372 3758 1619 3828 collatis
1679 3754 2029 3846 suffragati,
2098 3754 2359 3826 liberius
2416 3755 2835 3844 devotiusque
2892 3749 3050 3822 divi-

798 3896 898 3942 nae
939 3869 1241 3962 potentiae
1280 3871 1566 3940 famulari
1604 3871 1880 3952 valeant,
1931 3882 1994 3939 et
2029 3891 2142 3959 pro
2180 3867 2391 3949 nobis,
2428 3869 2698 3958 conjuge
2736 3880 2802 3936 et
2843 3868 3042 3957 prole,

798 4002 863 4056 et
901 3984 1242 4057 stabilitate
1282 3982 1528 4075 imperii
1569 4006 1605 4054 a
1656 3988 1794 4055 Deo
1844 3980 2031 4053 nobis
2092 3981 2331 4064 collati,
2388 3996 2450 4051 et
2504 4003 2615 4073 per
2658 3979 3046 4052 immensum

875 4390 893 4426 ¹
936 4390 1091 4463 Spic.
1125 4389 1383 4443 eandem.

871 4478 895 4512 ²
929 4478 1087 4551 Spin.
1115 4478 1286 4534 idem.

872 4568 897 4602 ⁸
933 4568 1089 4638 spic.
1129 4566 1436 4640 quidpiam.
