3485 5571
1772 630 2126 691 -182-

1922 1029 1967 1090 C

1871 1328 2025 1391 1184

815 1607 1145 1676 Reglement
1172 1623 1272 1677 par
1300 1606 1382 1660 les
1405 1605 1669 1674 delego&
1696 1603 1775 1661 du
1824 1606 2165 1675 Saum-siege
2209 1605 2286 1660 du
2325 1606 2597 1660 differend
2626 1622 2878 1660 sun-ena
2904 1612 3054 1660 entre

1020 1702 1393 1759 Sainte-Croix
1422 1708 1473 1756 et
1503 1702 1893 1757 hlarmoutiers
1922 1718 1992 1756 an
2022 1703 2171 1772 sujet
2207 1702 2277 1755 de
2308 1702 2522 1771 l'eglise
2549 1703 2620 1756 de
2647 1704 2870 1757 sos-es.

1279 1878 1458 1948 (Orig.
1495 1894 1542 1932 s.
1576 1877 1769 1947 parch.
1801 1877 1974 1934 Arch.
2007 1876 2085 1931 du
2116 1876 2322 1942 Loiret,
2354 1879 2422 1933 G.
2454 1877 2606 1942 333).

903 2125 1032 2212 Ego
1063 2125 1454 2214 Stephanus,
1489 2125 1724 2192 Sancte
1767 2123 2087 2192 Genovel'e
2132 2122 2516 2192 parisiensis
2569 2123 2786 2193 dictus
2849 2124 3067 2202 abbaS,

814 2249 878 2308 et
919 2239 1145 2307 Petrus
1166 2239 1495 2324 ,fldecanus
1536 2233 1750 2305 Sancti
1794 2234 2088 2305 Germani
2130 2233 2540 2320 Parisiensis‚
2568 2259 2644 2304 ex
2675 2234 3074 2326 delegatione

816 2339 1037 2420 domni
1079 2372 1245 2441 pape
1287 2347 1461 2419 Lucii
1502 2348 1685 2418 tercii
1725 2349 2095 2440 cognitores
2124 2371 2321 2420 cause
2356 2371 2480 2441 que
2512 2351 2879 2419 vertebatur
2915 2349 3075 2419 inter

820 2464 1166 2534 ecclesiam
1207 2466 1441 2534 Sancte
1482 2462 1704 2533 Crucis
1753 2463 2235 2533 Aurelianensis
2291 2478 2356 2533 et
2403 2466 2757 2534 monachos
2807 2461 3052 2553 Maioris

821 2577 1190 2649 monasterii
1234 2599 1428 2669 super
1465 2577 1808 2650 ecclesiam
1855 2579 1934 2648 de
1975 2582 2215 2662 Geona,
2261 2577 2498 2648 auditis
2547 2577 2845 2668 utrinqne
2880 2576 3070 2647 ratio·

822 2695 1016 2770 nibus
1062 2707 1127 2765 et
1155 2695 1648 2787 allegationibus
1674 2695 1999 2788 susceptis
2039 2709 2102 2766 et
2140 2694 2483 2787 diiigenter
2540 2693 2945 2776 examinatis,
3011 2707 3072 2764 et

824 2813 1086 2881 tandem
1141 2810 1479 2903 publicatis
1540 2811 2062 2882 attestationibus
2119 2811 2453 2904 utriusque
2503 2810 2723 2903 partis,
2789 2811 3061 2882 consilio

825 2927 1234 3018 prudentium
1275 2940 1339 2997 et
1378 2926 1826 3017 religiosorum
1871 2925 2176 3007 virorum,
2208 2925 2556 2998 canonicos
2582 2930 2816 2997 Sancte
2856 2923 3077 2995 Crucis

826 3040 1223 3108 absolvimus
1262 3062 1296 3109 a
1337 3038 1645 3130 petitione
1684 3043 2149 3110 monachorum
2179 3063 2374 3131 super
2401 3042 2544 3131 jure
2574 3039 3076 3130 presentationis

826 3165 889 3223 et
930 3149 1352 3223 institutionis
1388 3152 1724 3245 presbiteri
1763 3152 1826 3222 in
1859 3153 2132 3224 ecclesia
2174 3155 2483 3245 predicta.
2526 3156 2601 3224 Et
2638 3175 2838 3243 quum
2880 3164 3078 3222 testes

829 3269 1293 3336 monachorum
1343 3265 1636 3338 dixerunt
1699 3269 2232 3338 Archambaldum
2275 3269 2703 3359 presbiterum
2743 3269 2825 3338 de
2867 3270 3078 3337 Geona

831 3401 945 3471 per
984 3382 1221 3451 multos
1260 3401 1466 3451 annos
1506 3380 1767 3451 terciam
1798 3393 2068 3473 partem,
2111 3394 2220 3451 aut
2257 3394 2515 3472 quotam
2570 3383 2843 3463 volebat,
2906 3382 3078 3452 obla-

835 3493 1082 3564 tionum
1123 3517 1359 3585 panum
1414 3508 1479 3566 et
1530 3497 1940 3566 candelarum
1993 3496 2423 3566 servientibus
2483 3497 2947 3566 monachorum
2977 3496 3083 3564 de·

835 3606 1010 3678 disse
1038 3607 1100 3677 in
1141 3607 1423 3699 quinque
1457 3607 1661 3690 sestis,
1704 3631 1825 3680 nec
1864 3611 2248 3680 addiderunt
2301 3612 2485 3700 cujus
2523 3606 2906 3680 auctoritate
2955 3607 3084 3678 sive

835 3720 1119 3813 episcopi
1161 3722 1295 3792 sive
1330 3720 1588 3813 capituli
1631 3726 1754 3792 hoc
1795 3725 2085 3806 fecisset,
2129 3736 2329 3794 testes
2367 3735 2581 3793 autem
2623 3720 3078 3792 canonicorum

838 3835 1131 3905 dixerunt
1191 3835 1338 3926 quia
1402 3838 1529 3905 duo
1599 3834 1836 3906 milites
1898 3836 2010 3926 qui
2099 3835 2278 3926 prius
2334 3838 2496 3906 duas
2558 3833 2789 3907 tercias
2874 3850 3085 3926 partes

838 3952 1112 4040 quadam
1148 3951 1404 4039 antiqua
1445 3948 1943 4029 consuetudine,
1972 3972 2097 4039 que
2134 3949 2324 4020 hodie
2357 3948 2590 4020 abolita
2635 3962 2736 4020 est
2764 3949 3085 4020 sententia

840 4062 1527 4133 excommunicationis
1576 4077 1879 4153 cogente,
1913 4062 1974 4132 in
2013 4086 2208 4133 manu
2241 4062 2525 4154 episcopi
2557 4060 2637 4133 de
2668 4064 2853 4153 cujus
2890 4065 3090 4134 feodo

840 4175 903 4246 id
975 4178 1292 4246 habebant
1371 4175 1758 4260 dimiserint,
1819 4191 1884 4249 et
1947 4176 2085 4269 ipse
2146 4177 2496 4269 episcopus
2571 4190 2636 4247 et
2732 4175 3082 4268 capitulum

841 4294 1076 4361 Sancte
1115 4288 1338 4360 Crucis
1372 4292 1626 4361 duobus
1665 4290 1813 4362 filiis
1853 4289 2285 4382 predictorum
2327 4290 2600 4361 militum
2644 4289 2901 4363 clericis
2950 4290 3089 4360 illas

842 4407 1000 4474 duas
1026 4403 1259 4474 tercias
1297 4418 1531 4494 partes,
1569 4407 1689 4474 sub
1716 4427 1924 4475 annua
1947 4403 2260 4496 pensione
2291 4403 2482 4475 unius
2519 4403 2676 4474 libre
2710 4426 2860 4475 cere
2896 4426 3079 4494 quam

843 4530 1057 4607 patres
1111 4539 1330 4587 eorum
1381 4516 1688 4607 episcopo
1738 4520 1986 4588 solvere
2024 4531 2518 4593 consueverant.
2564 4519 2798 4587 habere
2822 4539 3084 4588 conces·

844 4628 1066 4714 serint,
1128 4653 1245 4699 nos
1270 4633 1674 4701 attendentes
1707 4630 2019 4722 privatum
2050 4634 2280 4702 sactum
2316 4628 2648 4725 presbiteri
2686 4652 2812 4700 non
2845 4631 3074 4703 debere
