3485 5571
1361 671 1715 736 —231-

1388 1076 1675 1140 CXLVHI

1338 1403 1507 1465 Mars
1576 1400 1733 1466 1208

414 1682 653 1739 Ernaud
676 1683 893 1740 Por-tier
915 1689 970 1739 et
995 1699 1059 1739 sa
1078 1683 1286 1739 femme
1317 1686 1596 1753 engagent
1617 1698 1690 1737 au
1717 1681 1968 1752 chapitre
1992 1696 2137 1753 pour
2164 1679 2427 1737 301ivres
2466 1678 2666 1753 parisis

882 1778 964 1834 les
990 1777 1232 1850 grandes
1260 1781 1318 1832 et
1345 1792 1579 1832 menues
1602 1775 1783 1831 dimes
1811 1776 1880 1831 de
1910 1777 2201 1846 Donnery.

1025 1923 1207 1995 (Orig.
1248 1923 1419 1980 Arch.
1450 1922 1528 1977 du
1557 1921 1769 1994 Loiret‚
1800 1921 1867 1980 G.
1898 1920 2046 1989 32⁴).

502 2170 857 2249 Manasses,
907 2164 1022 2237 Dei
1061 2165 1263 2256 gratia
1303 2163 1780 2236 Aurelianensis
1819 2164 2193 2258 episcopus,
2235 2165 2538 2239 omnibus
2590 2171 2669 2239 ad

411 2304 582 2372 quos
623 2292 958 2371 presentes
998 2279 1206 2352 littere
1235 2279 1640 2373 pervenerint
1674 2282 1946 2351 salutem
2008 2279 2070 2351 in
2148 2279 2448 2354 Domino.
2522 2282 2667 2355 Uni-

415 2394 704 2466 versitati
744 2407 949 2467 vestre
977 2408 1199 2466 notum
1236 2393 1508 2467 facimus
1537 2397 1901 2466 Ernaudum
1928 2395 2281 2467 Porterium
2310 2411 2373 2468 et
2402 2420 2662 2469 uxorem

413 2507 629 2601 ipsius
671 2508 930 2581 nomine
966 2508 1318 2581 Beatricem
1357 2507 1661 2601 quicquid
1718 2510 1966 2580 decime
2006 2533 2236 2601 magne
2299 2511 2544 2583 scilicet
2608 2527 2672 2583 et

416 2624 670 2694 minute
704 2621 768 2692 in
809 2623 1140 2715 parrochia
1173 2625 1253 2694 de
1299 2622 1643 2694 Donisiaco
1699 2621 2031 2715 possident
2084 2624 2366 2717 capitulo
2433 2630 2667 2699 Sancte

416 2735 645 2808 Crucis
685 2758 798 2828 pro
836 2735 1089 2829 triginta
1128 2737 1307 2809 libris
1346 2735 1800 2830 parisiensium
1850 2736 2097 2830 integre
2155 2737 2339 2811 titulo
2381 2740 2665 2832 pignoris

414 2854 772 2943 obligasse,
813 2853 899 2923 ita
938 2854 1111 2943 quod
1151 2852 1216 2923 in
1278 2865 1496 2924 nostra
1561 2851 1956 2924 constitutus
2018 2868 2286 2946 uterque
2347 2856 2667 2948 presentia

414 2988 615 3058 super
653 2966 1067 3058 garantienda
1106 2966 1385 3059 capitulo
1417 2966 1665 3038 decima
1718 2967 2133 3061 corporaliter
2210 2972 2399 3041 fidem
2463 2970 2663 3041 dedit.

407 3079 751 3152 Gaufridus
792 3080 981 3152 etiam
1048 3083 1127 3153 de
1202 3080 1529 3152 Suliniaco
1591 3081 1805 3165 miles,
1885 3085 1966 3153 de
2033 3084 2217 3174 cujus
2275 3086 2464 3156 feodo
2528 3083 2668 3176 ipsa

407 3208 630 3267 movet
666 3196 940 3278 decima,
994 3198 1161 3266 hanc
1229 3194 1683 3288 obligationem
1750 3196 2000 3268 decime
2063 3196 2459 3289 approbavit,
2520 3222 2670 3291 pro-

407 3308 653 3381 mitens
694 3308 955 3381 firmiter
993 3332 1209 3381 coram
1252 3310 1439 3382 nobis
1471 3313 1644 3402 quod
1687 3313 1958 3382 eandem
1993 3313 2314 3383 decimam
2338 3315 2504 3383 bona
2533 3315 2661 3385 fide

405 3422 693 3516 capitulo
718 3424 1090 3514 garantiret.
1137 3427 1322 3511 Quod
1368 3438 1436 3495 ut
1479 3438 1685 3495 ratum
1725 3438 1791 3496 et
1832 3439 2055 3498 notum
2121 3439 2398 3513 maneat,
2473 3424 2665 3518 sigilli

405 3537 615 3610 nostri
654 3551 980 3610 caractere
1018 3542 1094 3609 ad
1167 3537 1540 3631 petitionem
1610 3528 1884 3630 partium
1946 3539 2215 3612 fecimus
2263 3544 2654 3612 confirmari.

405 3655 633 3724 Actum
675 3674 846 3724 anno
883 3652 1083 3744 gratie
1123 3657 1279 3725 MCC
1308 3652 1610 3746 septimo,
1643 3675 1870 3727 mense
1901 3656 2172 3727 martio.
