3485 5571
1823 634 2182 701 ..434-

877 768 1106 836 Petrus
1143 765 1224 835 de
1255 762 1561 847 Abevilla,
1596 764 1811 845 miles,
1841 761 2082 834 tercius
2119 764 2423 834 dominus
2479 762 2747 835 feodalis
2809 764 2975 836 dicte
3023 762 3100 834 rei

875 879 1155 965 vendite,
1188 893 1257 950 ut
1285 878 1466 961 dicit,
1509 879 1746 950 dictam
1779 875 2214 950 venditionem
2273 876 2607 951 ratificavit
2657 893 2724 950 et
2770 876 3102 951 admortifi-

877 996 1040 1067 cavit
1070 1017 1287 1067 coram
1326 994 1516 1067 nobis
1554 1006 1619 1066 et
1657 990 1950 1084 promisit
1970 1015 2083 1083 per
2108 994 2303 1066 fidem
2340 1015 2525 1065 suam
2561 1015 2634 1065 se
2658 992 3105 1084 garentiturnm

876 1111 1172 1182 eamdem
1197 1122 1499 1198 tanquam
1541 1107 1780 1179 tercius
1821 1104 2123 1179 dominus
2169 1105 2466 1179 feodalis.
2519 1109 2913 1180 Guillermus
2977 1132 3106 1181 vcro

874 1225 1328 1306 Malesherbes,
1372 1222 1583 1305 miles,
1603 1235 1869 1314 quartus
1893 1221 2196 1293 dominus
2229 1221 2495 1293 feodalis
2515 1222 2685 1295 dicte
2712 1224 2814 1295 rei
2843 1221 3107 1308 vendite,

876 1353 948 1408 ut
984 1336 1165 1421 dicit,
1232 1348 1403 1410 etc...
1477 1336 1833 1409 Constitnta
1893 1334 2083 1408 etiam
2116 1359 2354 1427 ¹coram
2400 1341 2640 1411 Thema
2692 1340 2774 1409 de
2841 1340 3108 1429 Capella,

875 1452 1140 1533 clerico,
1184 1464 1431 1525 notario
1475 1453 1657 1522 curie
1696 1450 2177 1523 Aurelianensis
2213 1452 2294 1521 ad
2329 1454 2454 1523 hoc
2519 1448 2896 1541 specialiter
2934 1448 3112 1522 desti-

874 1566 1417 1650 nato,Ysabellis,
1452 1587 1606 1636 uxor
1642 1563 1796 1636 dicti
1833 1564 2089 1636 Guiardi
2128 1568 2208 1637 de
2246 1564 2475 1637 Tribus
2514 1563 2823 1647 lontibus,
2892 1563 3112 1636 dictam

871 1678 1323 1753 vendicionem
1391 1681 1620 1751 factam
1683 1702 1719 1749 a
1793 1680 1967 1750 dicto
2008 1677 2311 1761 Guiardo‚
2352 1677 2583 1750 marito
2616 1702 2761 1763 sno,
2843 1677 3113 1769 predicto

870 1794 1152 1886 capitulo
1188 1797 1269 1866 de
1332 1792 1639 1886 predictis
1695 1792 1890 1866 voluit
1941 1807 2009 1865 et
2067 1798 2399 1867 concessit
2457 1810 2522 1866 et
2582 1792 2909 1886 promisit,
2948 1804 3108 1866 etc...

867 1913 1076 1982 Immo
1110 1908 1427 2001 promisit,
1457 1920 1630 1981 eto...
1666 1912 1962 1982 Preterea
2006 1912 2259 1982 nobiles
2287 1908 2590 1982 mulieres
2617 1912 2938 1995 lohanna,
2969 1933 3112 1981 uxor

864 2022 1178 2096 lobannis
1214 2026 1295 2095 de
1335 2025 1634 2105 BuxiacO,
1671 2023 1922 2105 militis,
1960 2023 2148 2114 primi
2189 2024 2433 2097 domini
2478 2023 2748 2096 feodalis
2792 2023 2967 2097 dicte
3025 2028 3110 2097 rei

866 2138 1155 2221 vendite,
1217 2137 1525 2230 Aalipdis,
1600 2161 1759 2210 uxor
1825 2137 1992 2210 Petri
2061 2141 2141 2210 de
2216 2138 2523 2223 Abevilla,
2613 2138 2863 2222 militis,
2945 2137 3110 2210 tercii

865 2251 1109 2325 domini
1140 2252 1407 2324 feodalis
1440 2251 1610 2324 dicte
1664 2250 1758 2323 rei
1806 2251 2090 2334 vendite,
2144 2266 2209 2324 et
2247 2252 2462 2337 Maria,
2516 2274 2672 2326 uxor
2730 2252 2886 2325 dicti
2953 2252 3110 2323 Guil-

868 2365 1054 2438 lermi
1092 2368 1546 2449 Malesherbes,
1581 2364 1836 2450 militis,
1879 2367 2086 2457 quarti
2145 2368 2394 2438 domini
2466 2365 2734 2438 leodalis
2793 2367 2969 2439 dicte
3024 2367 3105 2439 rei

867 2479 1145 2565 vendite,
1176 2495 1242 2551 ut
1282 2480 1524 2551 dictum
1566 2499 1689 2565 est,
1721 2504 1938 2553 coram
1979 2482 2155 2552 dicto
2193 2480 2444 2552 notario
2467 2483 2550 2551 ad
2586 2484 2711 2552 hoc
2754 2480 3107 2572 specialiter

863 2595 1186 2668 destinato
1223 2595 1601 2679 constitute,
1643 2610 1708 2666 et
1733 2595 2038 2667 similiter
2074 2598 2401 2667 lohannes
2454 2598 2533 2666 de
2590 2596 2850 2679 Lineri,
2916 2595 3105 2667 domi·

861 2711 1087 2796 cellus,
1109 2709 1447 2795 Ysabellis‚
1474 2733 1630 2781 uxor
1658 2732 1802 2794 sua,
1834 2709 2221 2781 Gnillermus
2247 2712 2329 2781 de
2358 2711 2670 2794 Puiselez,
2698 2708 3101 2793 domicellus,

864 2830 1096 2917 AgneS,
1154 2848 1309 2896 uxor
1374 2847 1514 2911 sua,
1564 2839 1629 2895 et
1682 2828 1995 2908 Johanna,
2068 2848 2252 2896 soror
2312 2827 2630 2896 dictarum
2677 2824 2994 2896 Ysabellis
3047 2839 3105 2895 et

863 2939 1149 3030 Agnetis,
1185 2962 1478 3011 sororum
1505 2939 1782 3030 predicti
1811 2938 2125 3010 Johannis
2161 2941 2244 3010 de
2276 2940 2573 3025 Buxiaco,
2614 2938 2868 3021 militis,
2928 2937 3102 3030 primi

869 3052 1113 3125 domini
1140 3053 1406 3125 feodalis
1432 3053 1603 3126 dicte
1643 3052 1733 3125 rei
1775 3055 2057 3136 vendite,
2104 3067 2172 3124 ut
2210 3053 2454 3126 dictum
2510 3066 2639 3137 est,
2703 3052 2913 3125 dictas
2966 3075 3104 3124 ven·

864 3166 1217 3250 dicionem,
1254 3178 1429 3240 etc...
1475 3171 1547 3239 In
1579 3171 1765 3259 cnjus
1803 3167 1894 3240 rei
1938 3169 2309 3240 memoriam
2370 3183 2435 3240 et
2495 3167 2941 3240 testimonium
2979 3190 3104 3258 pre·

867 3296 1086 3356 sentes
1146 3283 1390 3354 litteras
1445 3281 1583 3353 fieri
1636 3283 1908 3355 fecimus
1955 3298 2020 3354 et
2097 3281 2308 3374 sigillo
2382 3285 2867 3354 Aurelianensis
2943 3280 3103 3353 curie

869 3396 1281 3469 communiri.
1350 3401 1582 3468 Datum
1661 3420 1834 3468 anno
1904 3396 2161 3469 Domini
2254 3397 2597 3470 millesimo
2671 3397 3104 3469 ducentesimo

870 3510 1370 3602 septuagesimo,
1414 3533 1637 3582 mense
1668 3511 2014 3598 februario,
2070 3511 2176 3584 die
2217 3512 2465 3584 sabbati
2507 3525 2651 3604 post
2708 3509 3095 3583 Purificncio-

722 3613 726 3628 '
871 3647 1019 3697 nem
1048 3628 1231 3697 beate
1270 3625 1455 3697 Marie
1491 3624 1776 3716 virginis.
