3485 5571
1701 664 2058 728 ..532-

765 796 1011 869 dictum
1095 810 1402 886 quantum
1472 792 1826 885 poterimus
1909 792 2257 863 differatur.
2346 791 2557 863 Testis
2651 792 2830 864 enim
2924 809 3018 866 est

766 912 1110 994 DominuS,
1143 905 1604 999 cogitationum
1630 907 1929 996 cognitor
1943 919 2008 977 et
2026 920 2367 990 scrutator,
2402 909 2569 997 quod
2594 930 2715 978 nos
2747 930 3019 1000 regnum

768 1038 831 1095 et
870 1025 1141 1094 salutem
1181 1018 1366 1110 regni
1406 1018 1558 1090 totis
1607 1017 1962 1090 visceribus
2001 1017 2365 1109 diligentes»,
2406 1022 2768 1090 secundum
2801 1035 3019 1094 nostre

769 1134 1159 1209 modicitatis
1185 1136 1486 1205 effectum
1508 1146 1718 1204 vestre
1759 1130 2112 1223 maJestatis
2155 1131 2694 1223 magnificentiam
2755 1136 3022 1227 amplia·

770 1275 940 1334 mus,
980 1263 1045 1319 et
1083 1248 1453 1320 differemus
1499 1249 1861 1338 generalem
1915 1246 2299 1318 sententiam
2360 1251 2767 1339 promulgare
2817 1253 3024 1321 donec

756 1368 864 1457 jus
904 1362 1209 1454 scriptum
1255 1385 1374 1433 nos
1408 1359 1748 1451 contigerit
1797 1384 2164 1452 perurgere.
2208 1364 2335 1431 Nos
2389 1360 2582 1451 igitur
2641 1386 2770 1453 qne
2795 1386 3024 1455 regum

765 1491 915 1549 sunt
939 1479 1199 1568 regibus
1249 1489 1311 1546 et
1350 1497 1474 1565 que
1517 1473 1629 1545 Dei
1671 1488 1820 1544 sunt
1860 1478 1995 1544 Deo
2037 1477 2307 1545 reddere
2345 1474 2705 1565 cupientes,
2740 1491 3020 1548 vestram

764 1589 1203 1663 excellentiam
1263 1612 1599 1660 exoramus
1662 1590 1968 1678 quatinus
2029 1604 2155 1658 tam
2217 1586 2417 1679 pium,
2476 1602 2602 1660 tam
2673 1594 3022 1661 honestum

763 1703 1137 1797 episcopum
1183 1702 1244 1772 in
1279 1706 1556 1774 favorem
1598 1714 1878 1773 vestrum
1921 1715 1984 1772 et
2019 1702 2284 1792 gratiam
2312 1701 2688 1784 admittatis,
2720 1727 2802 1776 ne
2836 1708 3020 1788 forte,

763 1822 933 1909 quod
975 1819 1169 1900 absit,
1198 1840 1311 1908 per
1350 1816 1623 1907 rigorem
1647 1815 1893 1906 justitie
1925 1819 2387 1907 compellamur
2412 1820 2821 1909 promulgare
2837 1842 3026 1909 gene·

766 1932 984 2003 raliter
1018 1931 1454 2015 interdictum,
1490 1929 1544 2000 si
1586 1952 1698 2000 cor
1741 1944 2022 2000 vestrum
2084 1928 2353 2000 nimium
2407 1930 2598 2000 fuerit
2628 1930 3019 2004 induratum.

767 2049 1092 2137 Scripture
1133 2067 1314 2115 sacre
1355 2046 1591 2135 profert
1646 2043 1964 2134 judicium
2009 2026 2179 2135 quod
2238 2067 2272 2114 a
2325 2046 2630 2116 fidelibus
2688 2060 2791 2116 est
2840 2050 3024 2137 plene

766 2164 1030 2251 regibus
1071 2161 1534 2229 defferendum.
1572 2156 1868 2228 Divinum
1902 2156 2214 2227 monitum
2258 2161 2538 2249 perfecte
2576 2160 2871 2250 sequitur
2920 2159 3023 2251 qui

770 2287 1015 2367 partem
1060 2274 1297 2363 regiam
1332 2275 1543 2343 fovere
1584 2269 1756 2342 sicut
1780 2272 2036 2363 expedit
2075 2275 2559 2362 comprobatur.

1703 2653 2111 2717 CCCLXXXV

1809 2959 2015 3041 [1211]

849 3216 926 3271 Le
953 3214 1200 3286 chapitre
1229 3214 1299 3270 de
1326 3211 1711 3269 Sainte-Croix
1744 3228 1979 3268 menace
2011 3213 2064 3268 le
2100 3211 2350 3283 chapitre
2395 3211 2465 3267 de
2518 3210 2921 3283 Saint-Aignan
2958 3213 3022 3269 de

777 3312 832 3366 la
862 3316 1020 3383 perte
1051 3310 1120 3365 de
1148 3325 1213 3366 sa
1259 3308 1597 3374 familiarite,
1647 3308 1737 3362 s’il
1790 3324 1860 3362 ne
1907 3324 2065 3363 cesse
2116 3324 2214 3380 pas
2257 3308 2340 3362 les
2370 3306 2576 3379 omnes,
2610 3323 2836 3365 comme
2860 3307 2967 3363 l'en
2992 3324 3023 3363 a

778 3407 901 3479 prid
927 3407 1198 3477 l'eveque.

1315 3526 1527 3598 (Copie.
1559 3525 1683 3582 Bib.
1716 3527 1843 3583 Nat.
1867 3525 2070 3582 Baluze
2093 3524 2237 3582 128:
2268 3525 2376 3583 308
2411 3529 2495 3595 vo)

870 3749 1087 3832 Fulco,
1148 3743 1623 3817 Aurelianensis
1660 3742 1937 3815 ecclesie
1998 3745 2307 3826 decanus,
2369 3754 2703 3835 totumque
2739 3746 3019 3837 ejusdem

780 3858 1055 3934 ecclesie
1121 3857 1467 3951 capitulum
1536 3858 1789 3930 dilectis
1837 3860 1990 3929 olim
2047 3856 2110 3926 in
2174 3855 2426 3929 Christo
2486 3860 2732 3931 decano
2788 3862 3022 3951 totique

782 3973 997 4046 Sancti
1071 3973 1290 4044 Auiani
1333 3975 1615 4064 capitulo
1664 3975 1961 4042 salutem.
2031 3973 2208 4063 Apud
2268 3969 2410 4042 illos
2468 3971 2777 4063 hospitari
2825 3973 3022 4044 nescit

781 4113 925 4161 vera
987 4086 1352 4179 compassio
1414 4110 1687 4178 quorum
1761 4100 2048 4157 mentem
2103 4108 2231 4156 non
2301 4087 2459 4175 polit
2514 4086 3021 4159 mansuetudinis

780 4203 1111 4274 habitudo.
1157 4203 1510 4275 Retroactis
1551 4200 1948 4292 temporibus
1990 4198 2154 4270 inter
2194 4199 2537 4270 ecclesiam
2626 4215 2913 4273 nostram
2964 4215 3020 4272 et

777 4340 892 4388 vos
920 4320 1253 4408 hucusque
1277 4313 1668 4386 familiaritas
1691 4312 1992 4405 specialis
2019 4312 2263 4404 integra
2296 4313 2685 4405 perduravit,
2718 4317 2803 4387 ita
2830 4317 3019 4407 quod,

774 4433 828 4504 si
869 4434 1047 4505 vobis
1074 4437 1168 4504 vel
1210 4432 1484 4504 ecclesie
1515 4445 1722 4503 vestre
1761 4443 1870 4501 aut
1908 4432 2101 4500 etiam
2128 4430 2426 4520 personis
2463 4432 2544 4502 ad
2570 4455 2684 4503 vos
2719 4446 3014 4524 spectan-

769 4549 942 4620 tibus
965 4550 1307 4618 molestum
1344 4544 1582 4637 aliquid
1610 4545 1973 4627 inferretur,
2006 4547 2302 4634 generale
2333 4557 2460 4615 tam
2501 4544 2629 4616 cito
2669 4545 3007 4617 statuimus

770 4662 1207 4744 interdictum,
1252 4675 1587 4732 cessantes
1649 4661 1909 4752 penitus
1943 4682 1979 4730 a
2030 4656 2261 4729 divinis
2321 4663 2529 4732 donec
2559 4661 2742 4732 vobis
2798 4663 3019 4732 fuisset
