3485 5571
1839 649 2200 715 —432—

1870 1052 2143 1114 CCCXXl
2154 1054 2174 1115 1

1778 1355 1811 1416 ‘i'
1843 1354 2091 1420 sevrier
2122 1357 2265 1419 1271

884 1604 1066 1687 Vente
1146 1647 1219 1688 au
1269 1633 1521 1706 chapitre
1579 1650 1682 1706 par
1748 1633 1964 1691 Guiard
2015 1635 2115 1691 des
2168 1636 2664 1699 Trois-Fontaines
2718 1635 2789 1691 de
2845 1637 2881 1692 5
2943 1634 3114 1691 muids

954 1727 991 1782 2
1020 1728 1217 1784 setiers
1263 1727 1334 1783 de
1363 1730 1526 1799 grain
1554 1746 1655 1785 sur
1680 1730 1735 1785 la
1777 1746 1990 1801 grange
2037 1731 2106 1787 de
2152 1730 2559 1803 Mesnilgiraud
2591 1732 2609 1768 ¹
2636 1748 2780 1802 pour
2831 1730 2939 1788 200
2965 1732 3114 1786 livroe

955 1824 1232 1879 tournois.

1313 1945 1487 2017 (Orig.
1524 1963 1627 2003 sur
1652 1948 1845 2020 parch.
1886 1950 2056 2005 Arcb.
2101 1948 2179 2005 du
2207 1948 2415 2020 Loiret,
2448 1949 2514 2005 G.
2556 1949 2707 2021 350).

974 2193 1297 2267 Universis
1369 2208 1704 2285 presentes
1784 2194 2033 2267 litteras
2099 2195 2490 2288 inspecturis
2591 2194 2877 2268 officialis
2947 2198 3111 2265 curie

883 2307 1364 2381 Aurelianensis
1443 2311 1718 2381 salutem
1768 2309 1835 2379 in
1894 2310 2192 2385 Domino.
2250 2310 2550 2383 Noverint
2617 2309 2895 2382 universi
2954 2312 3107 2401 quod

948 2618 967 2655 ¹
1007 2618 1051 2675 ΙΙ
1075 2619 1157 2674 les
1180 2620 1325 2676 avait
1351 2619 1544 2691 acquis
1573 2619 1626 2675 le
1646 2620 1783 2689 jour
1811 2622 1995 2676 meme
2024 2621 2093 2676 de
2108 2620 2231 2693 Guy
2259 2620 2328 2677 de
2359 2620 2767 2690 Chamerolles,
2789 2637 2859 2677 en
2885 2621 3110 2690 &change

879 2709 1049 2765 d’une
1073 2713 1232 2764 rente
1261 2709 1330 2765 de
1358 2709 1428 2765 10
1480 2709 1648 2764 livres
1697 2710 1733 2764 5
1785 2726 1916 2764 sous
1963 2708 1999 2764 4
2046 2709 2269 2765 deniers
2321 2710 2354 2764 a
2410 2710 2562 2782 Bitry
2612 2708 3022 2781 (Guigneville),
3062 2711 3109 2761 et

877 2798 912 2854 5
937 2814 1072 2853 sous
1100 2798 1136 2853 4
1163 2799 1391 2855 deniers
1421 2798 1490 2853 de
1516 2804 1672 2854 rente
1704 2801 1738 2854 a
1769 2799 2087 2855 pithiviers.
2116 2799 2275 2856 Voici
2307 2799 2468 2855 l’acte
2508 2798 2844 2869 d’echange:

949 2904 976 2941 ι
1019 2887 1307 2942 Universis
1337 2891 1628 2958 presentes
1653 2887 1870 2942 litteras
1899 2887 2239 2959 inspecturis
2277 2886 2535 2943 officialis
2564 2890 2721 2943 curie
2749 2885 3101 2941 Aurelianen-

879 2976 956 3031 sis
985 2977 1227 3032 salutem
1257 2975 1317 3031 in
1347 2976 1606 3033 Domino.
1640 2977 1854 3035 Notum
1878 2977 2116 3032 iacimus
2146 2976 2298 3049 quod
2330 2977 2389 3031 in
2419 2983 2608 3032 nostra
2637 2976 2921 3048 presentia
2958 2989 3106 3028 cons·

874 3066 1071 3121 titutus
1101 3066 1384 3124 Guiardus
1410 3067 1483 3123 de
1511 3066 1715 3122 Tribus
1744 3066 2014 3136 sontibus,
2041 3066 2395 3134 domicellus,
2427 3066 2622 3122 decem
2654 3066 2832 3121 libras
2882 3063 3105 3135 quinque

880 3154 1091 3210 solidos
1115 3161 1357 3228 quatuor
1381 3155 1644 3211 denarios
1674 3162 1730 3211 et
1758 3156 1991 3212 obolum
2038 3172 2181 3228 quos
2232 3157 2350 3227 ipse
2415 3155 2699 3211 Guiardus
2755 3159 2814 3211 et
2857 3151 3103 3210 Ysabellis

876 3261 1019 3301 uxor
1047 3261 1148 3300 sua
1176 3244 1460 3301 habebant
1487 3250 1543 3300 et
1570 3245 1951 3317 percipiebant
1978 3245 2269 3301 annuatim
2299 3246 2358 3301 in
2399 3246 2713 3301 redditibus
2764 3245 2914 3317 apud
2935 3241 3105 3299 Bitria·

880 3351 1011 3391 cum
1068 3336 1125 3390 in
1156 3336 1319 3390 feodo
1363 3334 1577 3390 domini
1629 3335 2057 3391 Aurelianensis
2106 3335 2354 3408 episcopi
2410 3336 2468 3391 in
2520 3351 2714 3402 censu,
2770 3333 3102 3406 campiparte,

876 3424 1061 3480 oblitis
1090 3429 1146 3480 et
1172 3424 1301 3480 aliis
1325 3424 1693 3494 redevenciis‚
1723 3423 1926 3480 debitis
1952 3441 1983 3480 a
2013 3425 2259 3482 Guiardo
2283 3425 2600 3492 Sechenau,
2622 3441 2655 3480 a
2680 3425 2981 3482 Guillermo
2998 3420 3102 3490 ejus

873 3530 1102 3585 genero,
1133 3530 1166 3569 a
1194 3514 1343 3570 dicto
1372 3513 1595 3571 Soillart
1625 3520 1680 3570 et
1700 3529 1732 3569 a
1763 3514 1880 3569 filio
1906 3514 2154 3570 defuncti
2179 3514 2417 3570 Huberti
2447 3515 2516 3570 de
2540 3513 2872 3584 Bolonvilla,
2897 3510 3035 3566 dedit
3057 3512 3103 3562 et

876 3604 1150 3659 concessit
1177 3604 1235 3658 in
1281 3603 1630 3659 escambium
1677 3619 1780 3659 seu
1808 3604 2287 3675 permutationem
2316 3603 2557 3659 Guidoni
2617 3602 2687 3658 de
2738 3599 3096 3662 Chameroles,

876 3692 1195 3763 domicello,
1226 3694 1293 3749 ab
1324 3695 1443 3764 ipso
1474 3693 1731 3749 Guidone
1762 3698 1817 3748 et
1841 3694 2123 3762 sehunna,
2145 3710 2321 3748 uxore
2349 3709 2472 3764 sua,
2507 3697 2563 3748 et
2591 3710 2792 3748 eorum
2831 3690 3102 3748 heredibus

876 3787 930 3837 et
952 3783 1372 3839 successoribus
1400 3782 1687 3838 habendos
1715 3788 1774 3837 et
1801 3783 2194 3855 percipiendos
2224 3784 2388 3839 annis
2426 3782 2669 3853 singulis
2718 3799 2824 3854 pro
2870 3781 3095 3853 quinque

876 3871 1081 3928 modiis
1111 3878 1165 3927 et
1216 3872 1437 3928 duobus
1488 3872 1742 3929 sextariis
1772 3877 1886 3928 tam
1915 3871 2066 3928 bladi
2095 3873 2287 3945 quam:
2311 3888 2483 3928 avene
2535 3887 2683 3945 quos
2738 3871 3003 3929 habebant
3056 3872 3103 3922 et

876 3961 1258 4033 percipiebant
1281 3960 1418 4017 dicti
1450 3960 1636 4017 Guido
1667 3967 1721 4016 et
1751 3962 2028 4031 Johanna,
2067 3978 2212 4017 uxor
2242 3977 2363 4029 sua,
2392 3961 2452 4016 in
2481 3961 2713 4032 grangia
2764 3962 2832 4017 de
2875 3958 3102 4015 Mesnilio

874 4049 1108 4106 Giraudi
1140 4050 1209 4105 ad
1238 4066 1561 4106 mensuram
1589 4050 2006 4122 Stampensem,
2039 4056 2095 4107 et
2138 4051 2185 4105 si
2234 4050 2385 4123 quod
2441 4050 2520 4107 ibi
2572 4052 2702 4123 plus
2752 4050 3014 4107 habebant
3053 4052 3101 4102 et

874 4139 1253 4212 percipiebant
1281 4140 1413 4195 dicti
1444 4140 1629 4197 Guido
1659 4146 1714 4197 et
1734 4156 1876 4196 uxor
1904 4157 2029 4212 sua,
2059 4141 2196 4196 item
2222 4145 2279 4196 et
2305 4156 2409 4213 pro
2439 4142 2696 4213 quinque
2725 4142 2920 4198 solidis
2967 4153 3090 4210 qua-

875 4235 1006 4287 tuor
1033 4229 1282 4286 denariis
1319 4236 1373 4285 et
1402 4229 1568 4286 obolo
1597 4229 1774 4285 annui
1800 4229 2053 4286 redditus
2083 4228 2364 4287 habendis
2394 4235 2448 4285 et
2490 4230 2867 4304 percipiendis
2889 4229 2952 4284 ab
2978 4225 3100 4297 ipsis

877 4319 1126 4377 Guiardo
1167 4325 1226 4377 et
1255 4319 1505 4376 Ysabelli
1550 4336 1724 4376 uxore
1756 4337 1855 4376 sua
1906 4325 1961 4376 et
2003 4336 2199 4376 eorum
2255 4320 2561 4376 heredibus
2607 4326 2665 4376 et
2713 4315 3099 4377 successoribus

874 4411 1167 4467 annuatim
1195 4410 1498 4481 Pithveris‚
1539 4410 1691 4483 apud
1722 4410 1981 4481 Bet-dies,
2010 4411 2072 4466 in
2087 4410 2405 4467 hereditate
2434 4409 2584 4467 dicte
2614 4411 2889 4482 Iohanne,
2930 4404 3097 4464 uxoris

875 4500 1007 4556 dicti
1040 4500 1316 4556 Guidonis
1345 4500 1415 4556 de
1440 4500 1828 4556 Chameroles.
1860 4500 2019 4557 Dicta
2048 4516 2181 4556 vero
2223 4499 2520 4571 Ysabellis‚
2555 4516 2705 4557 uxor
2732 4501 2867 4557 dicti
2895 4491 3096 4556 Guiudi

878 4591 946 4645 de
974 4590 1178 4646 Tribus
1209 4590 1477 4661 lontibus,
1509 4595 1565 4647 et
1593 4591 1739 4645 dicta
1773 4591 2049 4658 Johanna,
2083 4606 2226 4646 uxor
2272 4590 2401 4646 dicti
2459 4590 2735 4647 Guidonis
2782 4591 2849 4647 de
2898 4589 3096 4645 Cbame-

881 4682 1059 4750 roles,
1087 4680 1387 4738 constitute
1416 4696 1609 4738 coram
1635 4680 1851 4738 Thoma
1878 4679 1949 4738 de
1978 4681 2229 4756 Capella,
2261 4681 2488 4740 notario
2518 4681 2677 4738 curie
2703 4674 3092 4747 Aurelianensis
