3485 5571
430 812 771 884 alienando
796 814 1152 896 subtrahat,
1185 827 1247 882 et
1279 814 1414 881 haec
1442 811 1575 903 ipsa
1614 811 1677 882 in
1733 827 2058 903 posterum
2099 814 2367 902 perdere
2418 814 2677 894 debeat,

431 949 645 1017 neque
685 948 794 996 eas
833 947 937 996 res
971 949 1132 1016 quas
1172 928 1459 1016 ejusdem
1503 925 1796 1016 praesulis
1847 940 2135 1018 tempore
2202 930 2411 998 clerus
2471 928 2677 1019 ipsius

428 1038 727 1112 ecclesiae
790 1038 853 1109 in
914 1038 1233 1132 propriam
1303 1040 1726 1111 substantiam
1792 1039 2177 1111 nominativa
2247 1041 2676 1114 destinatione

428 1172 802 1249 segregatas
844 1156 1104 1241 retinet,
1144 1156 1460 1249 quispiam
1502 1156 1808 1250 deinceps
1849 1162 1973 1230 ulla
2014 1157 2259 1230 ratione
2299 1172 2675 1249 extorquere

430 1286 804 1363 praesumat.
833 1271 1142 1343 Videntes
1180 1271 1371 1342 etiam
1395 1270 1550 1342 tanti
1592 1270 1703 1342 viri
1728 1272 2177 1358 reverentiam,
2208 1286 2393 1345 etc...
2424 1295 2624 1366 usque
2653 1296 2669 1343 :

427 1386 491 1455 in
531 1386 709 1458 diem
742 1384 997 1458 Domini
1041 1384 1425 1477 obligamus.

1492 1747 1628 1806 XXI

795 2028 1056 2098 Lati-an,
1090 2028 1167 2089 19
1198 2028 1361 2091 avril
1389 2026 1494 2108 (13
1525 2027 1642 2089 des
1672 2028 1793 2088 cal.
1829 2025 1912 2088 de
1942 2024 2102 2105 mai)
2132 2025 2290 2087 1073

426 2272 747 2329 Alexandre
796 2273 847 2328 11
892 2273 1072 2341 prend
1101 2290 1233 2329 sous
1289 2289 1349 2328 sa
1403 2275 1713 2345 protection
1756 2273 1809 2328 le
1860 2272 2108 2344 chapitre
2149 2271 2218 2359 de
2271 2270 2676 2337 sainte-croix,

496 2368 694 2424 notifle
725 2368 780 2425 la
802 2368 1043 2424 reunion
1079 2368 1149 2424 de
1197 2367 1435 2423 certains
1467 2368 1627 2424 biens
1666 2369 1741 2422 du
1796 2367 2027 2423 decanat
2055 2383 2163 2423 aux
2218 2366 2376 2423 biens
2428 2365 2504 2421 du
2550 2367 2681 2421 cha-

494 2465 665 2537 pitre,
698 2471 754 2520 et
788 2466 1061 2522 confirmo
1086 2464 1169 2521 les
1191 2464 1539 2537 possessions
1564 2466 1633 2520 de
1662 2480 1725 2520 ce
1748 2463 1997 2520 dernier.

1168 2632 1360 2704 (Copie
1391 2633 1460 2689 de
1485 2635 1711 2705 Baluze,
1742 2649 1799 2705 p.
1830 2632 1953 2704 17.)

515 2852 874 2923 Alexander
973 2849 1346 2943 episcopus,
1433 2871 1658 2922 servus
1720 2872 2047 2921 servorum
2110 2848 2251 2934 Dei,
2330 2848 2660 2921 canonicis

428 2969 684 3038 Sanctae
725 2968 946 3037 Crucis
985 2963 1459 3037 Aurelianensis
1489 2968 1553 3035 in
1599 2979 2002 3091 perffgaetuum.
2042 2967 2211 3035 luter
2256 2977 2467 3035 cetera
2527 2988 2670 3054 quae

428 3078 749 3170 generalis
788 3103 938 3150 cura
990 3094 1055 3150 et
1113 3079 1510 3170 dispensatio
1548 3078 1865 3182 aposqlici
1936 3077 2392 3149 moderaminis
2454 3077 2680 3149 ammi-

429 3194 683 3278 nistrat,
729 3216 871 3284 quae
919 3195 999 3264 de
1055 3198 1253 3265 rebus
1293 3191 1756 3265 ecclesiasticis
1817 3207 1881 3264 et
1943 3193 2298 3283 praesertim
2351 3190 2679 3264 canonicis

428 3306 769 3378 ordinibus
799 3307 1138 3379 salubriter
1166 3321 1400 3379 statuta
1436 3322 1499 3379 et
1531 3307 1817 3379 ordinata
1852 3321 2030 3389 sunt,
2062 3306 2435 3399 apostolicis
2466 3329 2682 3377 corro-

433 3419 637 3492 borari
699 3421 975 3493 decretis
1025 3421 1443 3512 proculdubio
1507 3421 1866 3492 auctoritati
1927 3422 2226 3493 convenit
2293 3434 2353 3491 et
2427 3419 2676 3509 pietati.

434 3534 932 3606 Considerantes
982 3534 1173 3627 igitur
1208 3535 1569 3627 aequitatem
1605 3550 1830 3606 vestrae
1872 3533 2348 3626 postulationis,
2392 3533 2685 3605 videlicet

436 3663 500 3716 ut
534 3651 683 3738 jura
711 3648 1037 3720 canonica}
1078 3648 1651 3742 vestrae‚quatious
1677 3648 1986 3739 deinceps
2027 3647 2217 3719 illaesa
2248 3663 2438 3738 atque
2480 3646 2681 3717 invio-

436 3764 555 3831 lata
608 3777 1052 3852 permaneant,
1090 3774 1335 3834 nostro
1393 3762 1723 3854 privilegio
1787 3764 2209 3846 muniremuS,
2261 3759 2676 3853 petitionibus

438 3875 669 3947 v'estris
744 3878 1035 3946 benivola
1105 3859 1526 3963 confiessione
1587 3879 2000 3948 annuendum
2056 3899 2202 3947 esse
2256 3874 2675 3967 providimus.

438 3987 868 4059 Intelleximus
908 3988 1077 4059 enim
1121 3988 1228 4059 diu
1270 3988 1436 4060 inter
1481 4012 1593 4060 vos
1627 3989 1875 4060 habitas
1904 3993 2102 4059 malas
2139 3990 2673 4073 consuetudines,

441 4117 573 4172 tum
606 4117 819 4174 vestro
859 4105 1102 4186 labore,
1137 4117 1271 4172 tum
1310 4103 1521 4174 studio
1560 4119 1624 4174 et
1668 4102 2096 4174 benivolentia
2147 4102 2432 4194 episcopi
2492 4101 2679 4172 vestri

443 4217 697 4287 tandem
739 4238 885 4287 esse
924 4231 1273 4300 resecatas‚
1314 4232 1403 4301 et,
1439 4240 1517 4287 ne
1551 4217 1816 4288 ulterius
1855 4216 2232 4308 resurgendi
2274 4216 2680 4288 occasionem

443 4343 550 4399 aut
614 4328 938 4401 licentiam
1008 4332 1309 4414 habeant,
1378 4330 1750 4401 auctorabili
1792 4354 2061 4402 censura
2125 4329 2466 4412 cohibitaS,
2535 4343 2678 4399 vota

448 4459 653 4514 vestra
731 4443 1038 4535 probabili
1109 4443 1427 4516 desiderio
1502 4443 1882 4536 concepisse
1960 4460 2024 4515 et
2085 4448 2249 4536 apud
2329 4443 2685 4536 apostolica

451 4556 664 4627 limina
696 4557 1097 4647 quaesivisse.
1144 4559 1307 4629 Flexi
1365 4558 1553 4650 igitur
1598 4559 1828 4630 vestris
1861 4563 2188 4650 precibus,
2230 4575 2291 4629 et
2323 4559 2688 4628 interventu

454 4671 785 4743 contratris
838 4672 1037 4743 nostri
1101 4671 1401 4758 Rainerii,
1443 4673 1632 4744 vestri
1697 4673 1989 4744 videlicet
2054 4673 2369 4765 episcopi,
2437 4696 2547 4762 per
2603 4674 2691 4740 di-
