3485 5571
1757 561 2075 625 ..68-

792 683 1087 757 servandi
1128 685 1499 772 stabilitate,
1549 710 1671 758 una
1712 711 1861 759 cum
1900 692 2072 761 clero
2127 705 2192 762 et
2252 695 2489 783 populo
2557 690 2681 764 sibi
2742 696 3024 784 subjecto

790 798 904 870 Dei
946 797 1314 872 inmensam
1367 801 1774 873 clementiam
1827 803 2064 894 jugiter
2113 827 2399 877 exorare.
2465 810 2540 877 Et
2594 806 2895 899 quicquid
2949 811 3022 879 de

799 917 1075 1004 praesatae
1113 918 1308 987 rebus
1347 915 1641 987 ecclesiae
1676 918 1783 1007 jus
1825 918 1962 989 fisci
2012 917 2267 1010 exigere
2302 934 2572 1011 poterat,
2608 921 2671 990 in
2712 921 3020 1013 integrum

785 1025 994 1099 eidem
1035 1028 1478 1100 concessimus
1499 1033 1821 1114 ecclesiae‚
1863 1030 2111 1103 scilicet
2149 1046 2224 1103 ut
2262 1048 2573 1125 perpetuo
2609 1047 2901 1126 tempore
2959 1035 3019 1106 in

784 1144 1009 1213 eodem
1051 1145 1195 1214 loco
1249 1149 1383 1215 Deo
1423 1145 1873 1217 famulantibus
1907 1148 1985 1217 ad
2036 1151 2469 1238 peragendum
2525 1148 2640 1220 Dei
2701 1149 3018 1220 servitium

781 1271 1196 1346 augmentum
1235 1273 1300 1329 et
1347 1269 1866 1350 supplementum
1902 1259 2006 1331 sit.
2053 1265 2225 1332 Hanc
2256 1284 2406 1332 vero
2447 1265 2917 1344 auctoritatem,
2960 1279 3022 1334 ut

784 1370 1140 1461 pleniorem
1194 1370 1258 1441 in
1302 1373 1418 1443 Dei
1491 1372 1754 1446 nomine
1819 1374 2106 1446 obtineat
2162 1374 2471 1467 vigorem,
2524 1390 2588 1447 et
2634 1399 2670 1447 a
2735 1378 3020 1448 fidelihus

784 1497 1025 1555 sanctae
1064 1484 1179 1557 Dei
1218 1486 1523 1557 Ecclesiae
1562 1502 1625 1558 et
1667 1487 1906 1559 nostris
1939 1511 2052 1580 per
2075 1487 2371 1560 diuturna
2413 1504 2699 1581 tempora
2759 1491 3021 1582 diligen·

783 1599 908 1669 tius
964 1614 1401 1688 conservetur,
1465 1624 1656 1671 manu
1715 1602 1966 1693 propria
2021 1602 2657 1685 subterfirmavimus,
2722 1619 2787 1675 et
2856 1604 3020 1676 anuli

782 1716 983 1784 nostri
1025 1712 1428 1805 inpressione
1468 1714 1708 1805 signari
1752 1714 2128 1806 jussimus¹.

936 1827 1200 1919 Signum
1240 1832 1785 1922 (Monoqramme)
1820 1829 2147 1901 Hludovici
2180 1831 2578 1904 serenissimi
2623 1831 3021 1926 imperatoris

1571 1941 1941 2014 Helisachar
1977 1943 2344 2035 recognovi.

870 2061 1102 2127 Datum
1143 2060 1223 2127 111
1263 2056 1406 2127 idus
1437 2056 1852 2148 septembriS,
1895 2080 2064 2129 anno
2121 2062 2279 2129 XPO
2342 2057 2618 2151 propitio
2649 2061 2867 2151 primo
2903 2060 3016 2129 im-

780 2169 938 2261 perii
1016 2170 1234 2241 domni
1299 2169 1500 2241 nostri
1578 2171 1910 2243 Hludovici
1995 2172 2398 2244 serenissimi
2462 2174 2742 2265 augusti,
2825 2173 3018 2243 indic-

737 2284 952 2386 ·tione
982 2288 1108 2356 Vll.
1166 2290 1389 2355 Actum
1451 2285 1852 2376 Aquisgrani,
1906 2288 2142 2377 palatio
2198 2285 2398 2378 regio.
2467 2290 2535 2357 ln
2588 2286 2703 2359 Dei
2765 2286 3018 2359 nomine

779 2398 1075 2469 feliciter.
1114 2403 1337 2471 Amen.
1370 2404 1391 2436 ¹

1786 2614 2014 2676 XXXV

1261 2793 1563 2868 Brienne,
1598 2792 1667 2855 11
1702 2792 1940 2857 fe'vrier
1978 2793 2043 2875 (3
2072 2794 2191 2857 des
2225 2795 2392 2874 ides)
2426 2794 2538 2857 851

782 2973 1183 3028 Confirmation
1212 2989 1313 3044 par
1340 2972 1896 3030 Charles—le-Chauve
1923 2974 1955 3030 a
1986 2973 2197 3044 l’eglise
2227 2973 2517 3031 d’Orleans
2555 2974 2625 3031 de
2665 2974 2826 3031 biens
2855 2976 2887 3032 a
2913 2977 3018 3032 elle

850 3064 1066 3117 donnes
1095 3078 1196 3133 par
1223 3079 1313 3117 ses
1341 3061 1600 3134 eveques.

782 3183 972 3256 (Copie
999 3199 1107 3239 aux
1140 3184 1310 3239 Asch.
1342 3184 1418 3239 du
1449 3184 1658 3254 Loiret,
1707 3185 1776 3240 G.
1817 3184 1943 3254 386,
1984 3185 2204 3256 d’apres
2248 3185 2547 3255 l’original.
2599 3215 2668 3226 —
2726 3187 2849 3243 Bib.
2891 3188 3009 3243 Nat.

848 3274 1101 3341 Moreau,
1134 3274 1161 3328 1
1187 3292 1200 3327 z
1231 3273 1353 3339 192,
1385 3273 1603 3344 d'apres
1628 3274 2041 3345 l'original⁸.—
2066 3274 2239 3346 Copie
2268 3275 2337 3329 de
2363 3274 2587 3343 Baluze,
2619 3292 2675 3346 p.
2709 3277 2824 3344 35.)

785 3364 949 3433 (Pub.
978 3364 1203 3433 Baluze,
1236 3363 1620 3434 Capitularia,
1670 3370 1709 3420 t.
1739 3365 1790 3419 ΙΙ
1819 3381 1946 3435 app.
1981 3364 2087 3420 col.
2131 3363 2288 3420 1460.
2319 3396 2389 3405 —
2426 3364 2560 3419 Rec.
2599 3365 2696 3420 des
2729 3365 2877 3421 Hist.
2922 3366 3018 3421 des

852 3452 1080 3523 GauleS,
1105 3458 1147 3509 t.
1180 3453 1328 3519 VIII,
1357 3470 1412 3524 p.
1441 3452 1594 3522 517.)

871 3600 937 3665 ln
1008 3595 1266 3667 nomine
1318 3611 1557 3667 sanctae
1601 3611 1663 3667 et
1703 3594 2047 3667 individuae
2099 3595 2448 3676 Trinitatis,
2515 3600 2781 3669 Karolus
2821 3596 3013 3688 gratia

847 3864 864 3899 ¹
909 3865 983 3920 Ici
1014 3864 1190 3935 prend
1218 3866 1294 3919 fin
1317 3866 1371 3919 la
1397 3865 1554 3935 copie
1590 3864 1660 3919 de
1690 3866 1898 3921 Baluze
1925 3863 2185 3919 executee
2215 3863 2435 3934 d’apres
2464 3862 2516 3918 le
2542 3863 2860 3918 cartulaire.

848 3954 870 3988 ²
907 3954 1205 4024 L'original
1237 3953 1462 4025 dis-paru
1494 3954 1623 4009 etait
1648 3954 1816 4009 scelle
1842 3954 1973 4007 d'un
1999 3969 2164 4007 sceau
2195 3953 2397 4023 plaque
2429 3954 2576 4021 oval,
2631 3953 3014 4021 representant

777 4044 998 4114 l’effigie
1028 4047 1058 4097 a
1098 4045 1292 4114 droite,
1324 4050 1381 4099 et
1405 4043 1592 4115 publio
1621 4060 1721 4114 par
1770 4043 1839 4097 de
1882 4043 2078 4113 Wailly
2119 4043 2437 4110 (Elements
2474 4042 2545 4096 de
2573 4042 3011 4112 pale'oyraphie,

774 4141 815 4193 t.
848 4135 916 4204 II,
950 4151 1002 4206 p.
1038 4132 1164 4203 338,
1195 4134 1270 4204 pl.
1296 4136 1346 4189 A
1375 4148 1444 4188 nv
1490 4134 1602 4201 10).
1653 4134 1734 4188 La
1763 4134 1921 4205 copie
1949 4132 2020 4187 de
2048 4133 2279 4187 Moreau
2359 4148 2390 4186 a
2436 4131 2725 4203 reproduit
2748 4131 2802 4187 le
2824 4131 3012 4187 dessin

772 4223 842 4279 de
892 4240 954 4280 ce
1003 4240 1168 4279 sceau
1195 4223 1415 4295 d’apres
1444 4223 1738 4294 l’original.
1788 4223 1996 4279 Inutile
2024 4222 2094 4277 de
2139 4222 2261 4277 dire
2290 4238 2400 4293 que
2429 4221 2482 4277 le
2523 4221 2753 4293 present
2778 4226 2902 4277 acte
2931 4226 3012 4276 est

770 4313 962 4385 publie
988 4313 1206 4385 d'apres
1232 4313 1287 4367 la
1317 4314 1608 4368 collection
1638 4314 1884 4369 Moreau.

835 4403 858 4437 ³
904 4421 929 4456 α
960 4404 1069 4458 Sur
1097 4402 1444 4474 parchemin,
1476 4403 1547 4458 16
1575 4420 1784 4475 pouces
1831 4403 1901 4457 de
1951 4403 2213 4467 hauteur,
2245 4400 2315 4456 26
2345 4402 2414 4457 de
2443 4401 2687 4471 largeur.
2716 4399 2873 4456 Colle
2911 4415 3010 4455 sur

766 4494 958 4566 papier
976 4497 1031 4548 et
1059 4492 1251 4548 mutile
1277 4509 1346 4547 en
1377 4494 1649 4564 quelques
1684 4492 1953 4548 endroitS.
2002 4493 2176 4548 Trace
2207 4491 2285 4547 du
2313 4508 2478 4547 sceau
2524 4490 2745 4563 plaque.
2780 4508 2807 4544 »
2844 4489 3005 4559 (Dom

762 4582 964 4654 Geron,
994 4583 1062 4637 27
1088 4598 1237 4638 mars
1266 4583 1457 4654 1765.)
