3485 5571
1359 671 1717 741 -317-—

419 804 654 878 nobilis
696 808 929 877 mulier
966 803 1293 896 Margarita
1340 808 1419 878 de
1461 807 1687 876 Berdis
1748 807 1816 875 in
1848 798 2127 897 grangiis
2166 800 2425 897 capituli
2466 806 2663 878 Aure·

415 919 721 991 lianensis
760 924 840 991 de
891 924 1062 991 Meso
1102 919 1358 991 Giraudi
1399 934 1463 991 et
1509 921 1589 991 de
1623 923 1883 990 Foresta
1922 919 1986 989 in
2033 922 2221 991 blado
2262 918 2656 991 decimarum

414 1037 679 1125 capituli
735 1037 998 1118 habent,
1043 1058 1155 1126 pro
1210 1057 1366 1127 pace
1424 1038 1585 1105 facta
1624 1034 1792 1105 inter
1829 1056 1943 1105 eos
1986 1056 2181 1127 super
2231 1033 2660 1107 contencione

411 1148 829 1232 decimarum,
857 1162 1008 1221 sunt
1042 1151 1123 1222 de
1158 1152 1346 1221 feodo
1376 1148 1671 1221 Richardi
1716 1152 1987 1233 Hareuc,
2017 1163 2081 1219 et
2120 1152 2359 1239 poterit
2400 1151 2657 1221 bladum

410 1264 592 1332 illum
658 1287 853 1355 super
890 1266 1246 1355 capitulum
1300 1276 1604 1335 attestare
1664 1277 1968 1354 tauquam
2022 1285 2126 1335 res
2182 1261 2349 1335 feodi
2412 1262 2538 1347 sui,
2597 1277 2662 1336 et

411 1390 664 1448 tenetur
719 1378 1066 1469 capitulum
1129 1380 1189 1449 ei
1244 1381 1501 1450 bladum
1553 1380 1806 1450 tradere
1863 1376 1927 1448 in
1966 1376 2140 1449 omni
2198 1400 2352 1449 casu
2409 1377 2474 1447 in
2531 1400 2659 1469 quo

410 1506 631 1581 posset
668 1494 746 1562 ad
787 1494 1074 1563 decimas
1111 1515 1236 1584 que
1265 1507 1445 1563 eraut
1484 1495 1564 1564 de
1604 1494 1791 1563 feodo
1819 1515 1938 1563 suo
1978 1491 2098 1582 ipsi
2139 1492 2420 1583 capitulo
2464 1495 2544 1563 ab
2581 1514 2660 1562 eo

407 1605 653 1696 quitato
709 1606 1064 1695 assignare,
1107 1619 1172 1679 et
1209 1629 1320 1677 eas
1376 1608 1611 1690 levare,
1652 1619 1715 1676 et
1757 1608 1837 1675 de
1876 1604 2298 1677 attestacione
2352 1620 2416 1677 et
2459 1605 2661 1675 tradi-

404 1717 594 1790 cione
634 1719 1022 1810 supradictis
1061 1718 1385 1790 tenebitur
1422 1719 1563 1811 ipse
1602 1732 1665 1790 et
1704 1741 2124 1790 successores
2160 1721 2258 1790 sui
2300 1721 2658 1809 capitulum

406 1834 763 1924 indempne
798 1856 1204 1904 conservare.
1249 1837 1317 1903 1n
1359 1836 1545 1923 cujus
1569 1831 1660 1903 rei
1703 1831 2078 1904 memoriam
2114 1845 2180 1903 et
2213 1830 2659 1904 testimonium

403 1949 481 2015 ad
524 1946 917 2037 peticionem
972 1951 1494 2040 supradictorum
1535 1961 1874 2038 presentes
1912 1949 2158 2018 litteras
2197 1944 2398 2037 sigini
2456 1946 2658 2018 nostri

404 2060 768 2134 munimine
815 2061 1086 2133 fecimus
1120 2064 1436 2132 roborari.
1475 2067 1699 2132 Actum
1750 2084 1919 2132 anno
1956 2059 2212 2131 Domini
2253 2064 2303 2130 M
2343 2062 2659 2132 ducente-

403 2176 575 2245 simo
613 2174 966 2259 tricesimo,
1008 2198 1234 2248 mense
1262 2175 1535 2247 octobri.

1388 2511 1677 2571 CCXXVI

1299 2782 1580 2845 Octobr-e
1624 2781 1780 2846 ‘1230

405 3021 483 3075 Le
511 3020 783 3090 chapitre,
817 3034 887 3073 en
916 3017 1323 3073 consideration
1349 3018 1448 3072 des
1471 3015 1818 3088 reparations
1842 3015 2002 3070 saites
2025 3016 2056 3070 a
2082 3032 2172 3070 ses
2198 3014 2446 3069 maisons
2475 3031 2576 3086 par
2605 3015 2657 3070 le

472 3117 657 3187 doyen
687 3115 893 3170 Lebert
921 3120 975 3170 et
999 3114 1068 3169 de
1094 3131 1155 3169 sa
1190 3130 1480 3185 promesse
1526 3113 1652 3169 d'en
1683 3113 1944 3167 executer
1981 3127 2185 3167 encore
2224 3127 2368 3182 pour
2395 3111 2466 3166 30
2489 3111 2659 3166 livres

472 3213 700 3283 parisiS,
732 3212 927 3267 affecte
972 3212 1003 3265 a
1033 3226 1136 3265 son
1166 3209 1550 3266 anniversaire
1603 3210 1686 3264 les
1715 3224 1954 3264 revenus
2001 3209 2096 3280 qui
2127 3223 2208 3263 en
2257 3207 2659 3279 proviendront

471 3310 644 3380 apres
674 3323 736 3363 sa
761 3313 931 3377 mort,
958 3307 1088 3362 saul
1115 3307 1197 3362 les
1228 3307 1633 3377 prelevements
1663 3305 1945 3378 indiques.

871 3453 1057 3524 (Orig.
1089 3470 1136 3507 s.
1171 3453 1362 3524 parch.
1391 3452 1563 3507 Arch.
1597 3452 1674 3506 du
1707 3451 1914 3520 Loiret,
1951 3452 2018 3507 G.
2048 3451 2195 3517 441).

498 3673 827 3742 Omnibus
891 3683 1231 3760 presentes
1297 3671 1545 3739 litteras
1605 3667 1993 3758 inspecturis
2034 3672 2406 3739 universum
2459 3673 2654 3738 Aure-

406 3788 707 3855 lianense
770 3781 1119 3874 capitulum
1184 3786 1251 3852 in
1307 3781 1582 3853 Domino
1648 3784 1946 3853 salutem.
2011 3781 2309 3852 Noverint
2375 3779 2656 3851 universi

404 3900 577 3990 quod
618 3898 806 3990 [cum]
853 3899 945 3966 vir
989 3894 1372 3967 venerabilis
1424 3898 1761 3978 Lebertus‚
1804 3896 2089 3965 decanus
2136 3908 2379 3981 noster,
2426 3893 2490 3963 in
2531 3916 2659 3964 me-

404 4012 814 4084 liorationem
857 4012 1195 4081 domorum
1236 4024 1602 4080 nostrarum
1642 4031 1768 4101 que
1831 4012 2083 4079 suerunt
2132 4007 2373 4078 Letoldi
2415 4009 2655 4078 subde·

406 4127 783 4199 canimulta
823 4123 1260 4216 expendisset,
1321 4127 1595 4214 quedam
1648 4123 1737 4193 ibi
1783 4125 1861 4193 de
1917 4145 2083 4194 novo
2141 4120 2412 4193 edifficia
2470 4144 2661 4192 cons-

409 4242 686 4310 truendo
755 4254 818 4310 et
886 4253 1102 4309 vetera
1170 4235 1482 4328 prenimia
1548 4250 1864 4307 vetustate
1930 4238 2061 4327 jam
2125 4258 2289 4327 pene
2360 4237 2657 4306 cadentia

408 4355 793 4444 reparando,
845 4352 1255 4442 postmodum
1295 4348 1486 4421 etiam
1526 4374 1675 4422 cum
1712 4363 1923 4441 preter
1980 4351 2299 4439 predictas
2345 4370 2661 4441 expensas

409 4469 486 4537 ad
524 4467 1019 4556 expendendum
1059 4467 1269 4535 adbuc
1318 4466 1384 4534 in
1424 4463 1852 4557 predictarum
1892 4466 2228 4534 domorum
2271 4463 2665 4534 melioratio-

357 4565 371 4578 *
412 4604 559 4652 nem
618 4579 872 4671 triginta
922 4578 1222 4649 librarum
1265 4578 1718 4671 parisiensium
1775 4601 1845 4649 se
1886 4576 2073 4649 nobis
2111 4575 2538 4659 astrinxisset,
2580 4578 2658 4647 ad

416 4694 795 4787 petitionem
824 4691 1052 4784 ipsius,
1097 4695 1176 4764 de
1208 4691 1534 4764 communi
1583 4713 1911 4764 consensu
1960 4690 2171 4763 eidem
2216 4689 2662 4763 concessimus
