3485 5571
1877 976 2082 1037 CXLV

1658 1254 1741 1316 24
1783 1253 2135 1316 decembre
2161 1252 2317 1316 1205

854 1483 1136 1539 Donation
1186 1481 1258 1537 de
1303 1479 1687 1536 l'archidiacre
1747 1480 1924 1535 Hem-i
1978 1496 2052 1535 en
2095 1480 2293 1535 lavent
2338 1479 2417 1534 du
2461 1478 2757 1551 chapelain
2801 1478 2876 1534 de
2923 1480 3108 1535 Saint-

934 1578 1153 1647 aenon,
1182 1593 1286 1650 par
1335 1577 1415 1632 lui
1456 1577 1586 1632 eree
1628 1593 1699 1632 en
1747 1575 1960 1647 l'eglise
2008 1575 2323 1643 d’Orletns,
2371 1583 2428 1630 et
2463 1575 2751 1632 tondafion
2791 1575 3112 1631 d'annivu·

929 1690 1127 1731 saum.

1142 1820 1332 1893 (oi-ig.
1360 1820 1532 1876 Λεὼ.
1566 1819 1644 1875 du
1672 1820 1885 1889 Lon-et,
1911 1822 1978 1876 G.
2010 1819 2119 1875 376
2149 1838 2165 1890 3
2191 1820 2442 1875 mention
2479 1819 2824 1890 Scriptura).

947 2035 1081 2124 Ego
1119 2031 1457 2116 Henricus,
1499 2029 1979 2103 Aurelianensis
2008 2029 2287 2102 ecclesie
2316 2033 2844 2113 archidiaconus,
2885 2045 3110 2100 notum

861 2146 1031 2218 facio
1069 2144 1482 2237 presentibus
1517 2158 1582 2217 et
1607 2144 1837 2216 tuturis
1875 2167 1982 2215 me
2013 2145 2132 2216 tria
2156 2159 2420 2236 arpenta
2458 2145 2790 2217 vinearum
2818 2157 2884 2214 et
2925 2142 3114 2213 dimi·

860 2258 1038 2331 dium
1085 2263 1167 2331 ad
1213 2263 1429 2331 locum
1468 2260 1588 2330 sita
1617 2259 1725 2351 qui
1767 2262 2141 2332 Archeuaux
2207 2275 2639 2350 nuncupatur,
2706 2272 2773 2330 et
2826 2256 3112 2349 quinque

859 2375 1129 2446 aliarum
1168 2367 1496 2444 vinearum
1534 2372 1854 2464 quarteria
1888 2375 1966 2444 ad
2002 2376 2219 2445 locum
2259 2373 2380 2444 sita
2418 2372 2527 2465 qui
2573 2376 2823 2463 Boyaus·
2852 2370 3111 2452 dicitur,

863 2509 1116 2560 necnon
1155 2501 1221 2558 et
1249 2509 1538 2558 cameras
1576 2511 1757 2559 meas
1782 2511 2008 2559 versus
2040 2491 2346 2557 Sanctum
2377 2488 2700 2557 Victorem
2741 2485 2896 2556 sitas
2934 2484 3113 2554 altari

863 2600 1030 2672 beati
1076 2602 1432 2683 Benedicti,
1464 2603 1639 2693 quod
1676 2615 1780 2673 est
1817 2601 1880 2671 in
1923 2599 2198 2673 ecclesia
2240 2604 2470 2672 Sancte
2518 2598 2770 2684 CruciS,
2798 2602 2880 2670 ad
2925 2619 3111 2668 usum

865 2717 1219 2809 cappellani
1258 2737 1450 2807 quem
1492 2714 1730 2787 ibidem
1761 2713 2008 2785 institui
2048 2728 2113 2785 et
2143 2737 2597 2787 successorum
2624 2713 2834 2806 ipsius
2880 2713 2946 2782 in
2979 2733 3117 2805 per-

868 2843 1121 2921 petuam
1153 2829 1572 2901 elemosinam
1613 2829 1994 2912 contulisse,
2025 2829 2111 2901 ita
2150 2832 2350 2921 quod,
2413 2832 2603 2920 hujus
2641 2827 3113 2900 institutionem

869 2943 1179 3036 capellani
1221 2943 1417 3015 michi
1457 2945 1761 3035 quamdiu
1804 2947 2017 3016 vixero
2055 2943 2367 3027 retineuS,
2408 2941 2697 3014 ordinavi
2737 2959 2802 3015 et
2842 2942 3010 3015 volui
3052 2957 3117 3011 ut

872 3070 1020 3152 post
1047 3058 1290 3129 obitum
1332 3081 1547 3130 meum
1587 3058 1939 3150 capitulum
1972 3061 2206 3129 Sancte
2266 3055 2488 3129 Crucis
2545 3080 2805 3149 semper
2880 3056 3112 3127 ibidem

874 3175 1075 3245 libere
1108 3171 1406 3244 instituat
1453 3176 1880 3266 capellanum.
1925 3175 2151 3243 Ortum
2184 3185 2396 3243 autem
2448 3194 2661 3243 meum
2705 3175 2784 3244 de
2837 3171 3116 3243 Floriaco

874 3310 1023 3359 cum
1063 3290 1256 3359 domo
1280 3286 1484 3379 ipsius
1515 3286 1638 3359 orti
1667 3285 1950 3378 capitulo
1988 3291 2221 3358 Sancte
2261 3285 2484 3358 Crucis
2530 3285 2770 3357 contuli
2812 3300 3116 3379 perpetuo

877 3400 1369 3496 possidendum,
1410 3423 1490 3472 eo
1529 3413 1753 3472 tenore
1789 3399 2087 3471 videlicet
2125 3402 2294 3491 quod
2319 3402 2399 3471 de
2433 3400 2849 3492 proventibus
2885 3423 3117 3472 eorun-

878 3517 1023 3586 dem
1067 3513 1316 3606 partitis
1354 3512 1666 3605 equaliter
1690 3513 1755 3582 iu
1786 3512 2224 3584 anniversario
2253 3512 2538 3585 defuncti
2579 3515 2888 3604 Hugonis,
2930 3537 3115 3585 avun-

879 3626 1005 3700 culi
1034 3627 1187 3712 mei,
1214 3630 1539 3721 quondam
1571 3626 2049 3699 Aurelianensis
2079 3625 2537 3712 archidiaconi,
2567 3641 2634 3699 et
2659 3651 2803 3699 meo
2826 3651 2952 3699 una
2983 3651 3115 3698 me·

882 3742 1109 3827 dietas,
1137 3743 1203 3812 iu
1244 3740 1678 3813 anniversario
1707 3763 1858 3813 vero
1889 3741 2087 3834 patris
2113 3743 2242 3813 mei
2272 3754 2336 3812 et
2366 3742 2592 3812 matris
2630 3764 2773 3813 mee
2812 3742 3117 3813 medietas

880 3856 1123 3948 reliqua
1173 3856 1515 3929 dividetur.
1575 3855 1738 3942 Quia
1773 3879 1922 3927 vero
1963 3858 2083 3927 bec
2122 3879 2335 3927 omnia
2371 3858 2452 3927 de
2499 3854 2881 3947 patrimonio
2945 3880 3117 3927 com-

881 3994 1246 4065 paraveram
1288 3969 1595 4055 crucifixi‚
1633 3973 1860 4042 eadem
1901 3969 2165 4062 dignum
2198 3969 2344 4041 duxi
2383 3970 2450 4040 in
2488 3969 2911 4042 elemosinam
2953 3993 3111 4042 cou-

883 4086 1143 4157 terenda
1183 4108 1264 4156 ne
1290 4084 1501 4176 ipsum
1533 4085 1926 4156 offenderem
1974 4081 2351 4155 crucifixum
2406 4084 2464 4154 si
2516 4085 2685 4173 quod
2726 4107 2915 4154 suum
2991 4095 3115 4154 erat

881 4200 963 4271 ad
993 4222 1150 4270 usus
1190 4197 1511 4269 indebitos
1549 4200 2028 4270 transferretur.
2075 4200 2259 4284 Quod
2328 4210 2395 4268 ut
2434 4211 2639 4268 ratum
2718 4211 3011 4270 teneatur
3055 4209 3116 4267 et

884 4327 1107 4384 notum
1146 4325 1519 4404 permaneat
1571 4326 1936 4404 presentem
1986 4311 2283 4403 pagiuam
2356 4308 2547 4402 sigilli
2610 4309 2737 4382 mei
2797 4324 3113 4383 caractere

883 4426 1276 4498 confirmavi.
1309 4431 1533 4498 Actum
1562 4449 1732 4499 anuo
1768 4424 2227 4498 incarnationis
2259 4425 2580 4497 dominice
2605 4429 2681 4496 Μ·
2715 4428 2836 4497 Cc·
2868 4425 3109 4516 quinto,

887 4539 1098 4633 vigilia
1123 4540 1361 4613 Natalis
1379 4539 1661 4614 Domini.
