3485 5571
1720 694 1795 705 —
1840 659 1957 723 196
2000 695 2076 705 -·

776 783 1072 878 sigillatis
1147 784 1437 878 apicibus
1530 786 1942 879 perhennari.
2016 790 2363 879 Eapropter
2426 789 2506 859 ad
2584 785 3019 860 universitatis

771 914 982 973 vestre
1049 898 1361 972 noticiam
1422 903 1716 973 volumus
1781 903 2142 993 pervenire,
2200 904 2372 993 quod
2436 925 2584 973 cum
2650 903 2886 974 dilecto
2952 902 3017 973 in

776 1014 1027 1086 Christo
1060 1015 1234 1085 fratri
1273 1028 1339 1086 et
1357 1014 1800 1088 concanonico
1836 1029 2059 1087 nostro
2103 1017 2317 1088 Odoni
2379 1018 2459 1087 de
2501 1019 2853 1088 Chanteleu
2905 1019 3020 1088 do-

769 1151 912 1201 mos
976 1142 1232 1202 nostras
1282 1132 1683 1216 claustrales,
1738 1153 1863 1221 que
1917 1133 2174 1202 suerunt
2240 1129 2496 1200 Giraudi
2538 1133 2619 1201 de
2668 1132 3016 1215 Lueniaco‚

771 1242 1203 1328 dedissemus,
1253 1242 1519 1335 insuper
1568 1258 1636 1315 ut
1676 1244 1846 1316 idem
1888 1246 2028 1316 Odo
2066 1246 2146 1315 ad
2207 1241 2627 1316 relectionem
2680 1247 3022 1317 domorum

771 1357 1044 1445 illarum,
1089 1380 1215 1449 que
1249 1380 1510 1429 manum
1566 1358 2033 1434 meliorationis
2073 1357 2526 1431 inevitabiliter
2581 1356 3016 1449 requirebant,

770 1484 1032 1545 strenue
1069 1476 1412 1555 laboraret,
1462 1472 1586 1565 ipsi
1627 1471 1912 1544 unanimi
1952 1486 2017 1544 et
2054 1473 2359 1546 concordi
2387 1475 2711 1544 voluntate
2751 1495 3020 1545 conces-

769 1583 975 1657 simus
996 1600 1185 1677 atque
1217 1585 1630 1678 promisimus
1663 1589 1837 1678 quod
1876 1585 2207 1678 quicquid,
2240 1585 2385 1677 ipso
2426 1588 2702 1658 cedente
2760 1588 2860 1657 vel
2912 1588 3021 1658 de-

770 1702 1070 1784 cedente,
1131 1702 1211 1772 de
1276 1700 1525 1773 eisdem
1579 1700 1879 1773 domibus
1944 1704 2180 1773 habere
2240 1699 2593 1792 poterimus
2659 1699 3018 1792 pensionis,

771 1827 1146 1886 recurrente
1180 1813 1536 1887 vocationis
1573 1817 1718 1908 ejus
1758 1815 1860 1887 die
1892 1801 2223 1886 canonicis
2247 1813 2356 1906 qui
2399 1812 2842 1886 anniversario
2883 1817 3025 1906 ejus

773 1927 1134 2002 intererunt
1208 1928 1482 2002 fideliter
1551 1928 1940 2032 distribuere
2001 1942 2391 2022 satagemus.
2453 1932 2540 2000 Ne
2610 1951 2766 2021 ergo
2820 1928 3025 2001 series

777 2046 968 2136 hujus
999 2056 1223 2140 nostre
1253 2043 1696 2116 concessionis
1733 2042 2054 2116 oblivione
2093 2045 2426 2136 depereat,
2458 2045 2580 2131 vel,
2629 2044 2806 2134 quod
2826 2041 3019 2126 absit,

771 2157 1165 2248 malignitate
1205 2172 1511 2243 mutetur,
1538 2180 1708 2245 eam,
1738 2170 1807 2229 ut
1833 2172 2140 2251 perpetua
2172 2155 2522 2230 stabilitate
2564 2160 2888 2249 perduret,
2916 2157 3023 2228 lit-

770 2283 1048 2343 terarum
1088 2271 1281 2364 sigilli
1321 2272 1642 2365 presentis
1669 2272 2026 2364 patrocinio
2058 2275 2544 2344 confirmamus.
2586 2276 2809 2343 Actum
2848 2294 3024 2344 anno

775 2383 963 2458 Verbi
987 2384 1296 2457 incarnati
1330 2389 1614 2460 MCXCV.

1829 2702 1982 2765 CXV

785 2902 813 2939 Χ

1352 2958 1545 3027 Anet,
1582 2954 1641 3036 [2
1670 2955 1952 3038 avril-31„
1976 2954 2271 3037 octobre]
2300 2954 2459 3018 1195

774 3182 1317 3256 philippe-Auguste
1346 3183 1636 3253 confirmo,
1666 3184 1832 3255 apres
1860 3186 2121 3256 enquete,
2153 3185 2205 3240 le
2234 3183 2379 3239 droit
2417 3183 2488 3238 de
2516 3182 2890 3240 Sainte-Croix
2918 3198 3025 3239 sur

958 3280 1041 3335 les
1066 3281 1322 3335 hommes
1352 3279 1421 3335 de
1450 3295 1613 3353 corps
1643 3279 1721 3336 du
1746 3279 2006 3336 domaine
2035 3280 2111 3335 du
2141 3280 2389 3352 chapitre
2418 3295 2489 3336 en
2518 3279 2822 3351 Etampois.

776 3425 926 3496 (Bib.
949 3426 1077 3485 Nat.
1095 3425 1234 3482 Coll.
1263 3426 1510 3483 Moreau.
1536 3425 1607 3482 96
1631 3443 1644 3479 ε
1676 3424 1784 3482 203
1807 3443 1822 3495 ;
1847 3425 1922 3481 du
1949 3425 2256 3482 cartulaire
2280 3427 2350 3481 de
2378 3425 2582 3481 Sainte-
2594 3425 2776 3497 Croix,
2793 3425 2841 3480 ἕο
2861 3424 3018 3496 203).

864 3642 931 3711 In
964 3638 1222 3711 nomine
1261 3652 1483 3712 sancte
1521 3652 1587 3710 et
1637 3637 1966 3711 individue
2018 3637 2367 3726 Trinitatis,
2401 3662 2613 3711 amen.
2659 3639 3017 3731 Philippus,

776 3756 895 3825 Dei
933 3757 1132 3846 gratia
1172 3757 1555 3825 Francorum
1594 3776 1727 3825 rex.
1770 3751 2071 3824 Noverint
2111 3752 2390 3825 universi
2424 3767 2757 3844 presentes
2783 3753 3023 3845 pariter

776 3882 841 3941 et
880 3867 1071 3939 futuri
1125 3871 1297 3960 quod
1346 3867 1655 3940 Manerius
1695 3870 1776 3939 de
1826 3867 2104 3960 Stampis
2153 3882 2216 3939 et
2280 3872 2459 3960 llugo
2511 3870 2910 3941 de'Gravella
2950 3880 3021 3940 et

774 3984 1071 4055 Ansellus
1099 3984 1178 4055 de
1225 3981 1557 4054 Buissiaco
1597 3993 1663 4054 et
1701 3979 1843 4053 Milo
1883 3983 1963 4052 de
1994 3981 2331 4053 Amorvilla
2374 4004 2486 4073 per
2542 3992 3017 4053 sacramentum

773 4120 957 4169 suum
1003 4096 1322 4170 testificati
1358 4110 1534 4181 sunt,
1564 4120 1641 4169 ex
1666 4099 1965 4169 mandato
1991 4110 2240 4182 nostro,
2271 4100 2440 4189 quod
2478 4095 2773 4168 homines
2793 4099 2858 4167 in
2885 4111 3018 4168 ter-

769 4212 990 4284 ritorio
1047 4217 1281 4285 Sancte
1339 4214 1561 4285 Crucis
1610 4209 2087 4284 Aurelianensis
2147 4212 2210 4282 in
2273 4210 2632 4303 Stampesio
2676 4223 3014 4283 manentes

767 4342 917 4398 sunt
954 4330 1253 4399 homines
1311 4332 1542 4399 Sancte
1603 4326 1824 4398 Crucis
1892 4329 1972 4399 de
2027 4347 2321 4418 corpore,
2372 4324 2606 4417 singuli
2665 4327 3014 4397 reddentes

764 4440 1096 4514 annuatim
1153 4456 1425 4533 quatuor
1475 4440 1773 4514 denarios
1814 4444 1892 4512 de
1942 4438 2148 4532 capite
2197 4463 2345 4526 suo,
2386 4438 2674 4532 exceptis
2711 4452 3010 4533 quatuor,

764 4580 1034 4649 quorum
1065 4559 1193 4628 duo
1234 4569 1495 4628 manent
1519 4559 1686 4647 apud
1728 4560 2083 4640 Forestam,
2114 4553 2446 4647 Philippus
2502 4567 2567 4626 et
2619 4557 3008 4641 Bernardus,

764 4686 828 4746 et
865 4675 1034 4766 apud
1075 4669 1296 4745 lllesnil
1332 4670 1612 4756 Giraudi,
1671 4670 1823 4742 item
1864 4683 1929 4744 et
1966 4673 2033 4741 in
2081 4668 2313 4761 riparia
2350 4671 2432 4741 de
2491 4672 2738 4742 Ulmeto
2778 4673 3011 4744 Basco·
