<?xml version="1.0" encoding="UTF-8"?>
<!DOCTYPE html PUBLIC "-//W3C//DTD XHTML 1.0 Transitional//EN"
    "http://www.w3.org/TR/xhtml1/DTD/xhtml1-transitional.dtd">
<html xmlns="http://www.w3.org/1999/xhtml" xml:lang="en" lang="en">
 <head>
  <title>
</title>
<meta http-equiv="Content-Type" content="text/html;charset=utf-8" />
  <meta name='ocr-system' content='tesseract 3.04.00' />
  <meta name='ocr-capabilities' content='ocr_page ocr_carea ocr_par ocr_line ocrx_word'/>
</head>
<body>
  <div class='ocr_page' id='page_1' title='image "./cartulairedesai00thilgoog_0438.png"; bbox 0 0 3485 5571; ppageno 0'>
   <div class='ocr_carea' id='block_1_1' title="bbox 1857 1004 2092 1067">
    <p class='ocr_par' dir='ltr' id='par_1_1' title="bbox 1857 1004 2092 1067">
     <span class='ocr_line' id='line_1_1' title="bbox 1857 1004 2092 1067; baseline -0.009 0"><span class='ocrx_word' id='word_1_1' title='bbox 1857 1004 2092 1067; x_wconf 79' lang='lat' dir='ltr'>CLXXI</span> 
     </span>
    </p>
   </div>
   <div class='ocr_carea' id='block_1_2' title="bbox 1766 1302 2194 1366">
    <p class='ocr_par' dir='ltr' id='par_1_2' title="bbox 1766 1302 2194 1366">
     <span class='ocr_line' id='line_1_2' title="bbox 1766 1302 2194 1366; baseline -0.002 -2"><span class='ocrx_word' id='word_1_2' title='bbox 1766 1304 1798 1364; x_wconf 88' lang='lat' dir='ltr'>J</span> <span class='ocrx_word' id='word_1_3' title='bbox 1806 1302 1989 1366; x_wconf 88' lang='lat' dir='ltr'><strong>uillet</strong></span> <span class='ocrx_word' id='word_1_4' title='bbox 2034 1302 2194 1366; x_wconf 78' lang='lat'><strong>1217</strong></span> 
     </span>
    </p>
   </div>
   <div class='ocr_carea' id='block_1_3' title="bbox 822 1554 3075 2302">
    <p class='ocr_par' dir='ltr' id='par_1_3' title="bbox 822 1554 3075 2302">
     <span class='ocr_line' id='line_1_3' title="bbox 822 1554 3075 1628; baseline 0.001 -17"><span class='ocrx_word' id='word_1_5' title='bbox 822 1555 1042 1611; x_wconf 86' lang='lat' dir='ltr'><strong>Accord</strong></span> <span class='ocrx_word' id='word_1_6' title='bbox 1082 1569 1186 1627; x_wconf 78' lang='lat' dir='ltr'><strong>par</strong></span> <span class='ocrx_word' id='word_1_7' title='bbox 1233 1556 1421 1628; x_wconf 83' lang='lat' dir='ltr'><strong>lequel</strong></span> <span class='ocrx_word' id='word_1_8' title='bbox 1458 1556 1514 1612; x_wconf 82' lang='lat' dir='ltr'><strong>le</strong></span> <span class='ocrx_word' id='word_1_9' title='bbox 1552 1561 1793 1611; x_wconf 80' lang='lat' dir='ltr'><strong>convent</strong></span> <span class='ocrx_word' id='word_1_10' title='bbox 1834 1554 2190 1610; x_wconf 83' lang='lat' dir='ltr'><strong>d&#39;Aubecour</strong></span> <span class='ocrx_word' id='word_1_11' title='bbox 2230 1554 2566 1612; x_wconf 75' lang='lat' dir='ltr'><strong>abandonne</strong></span> <span class='ocrx_word' id='word_1_12' title='bbox 2601 1572 2694 1612; x_wconf 79' lang='lat' dir='ltr'><strong>ses</strong></span> <span class='ocrx_word' id='word_1_13' title='bbox 2730 1557 3075 1628; x_wconf 68' lang='lat' dir='ltr'><strong>protentione</strong></span> 
     </span>
     <span class='ocr_line' id='line_1_4' title="bbox 894 1651 3068 1724; baseline 0.001 -18"><span class='ocrx_word' id='word_1_14' title='bbox 894 1666 994 1708; x_wconf 86' lang='lat' dir='ltr'><strong>snr</strong></span> <span class='ocrx_word' id='word_1_15' title='bbox 1018 1651 1162 1706; x_wconf 85' lang='lat' dir='ltr'><strong>deux</strong></span> <span class='ocrx_word' id='word_1_16' title='bbox 1189 1657 1415 1724; x_wconf 73' lang='lat' dir='ltr'><strong>arpenta</strong></span> <span class='ocrx_word' id='word_1_17' title='bbox 1444 1651 1515 1707; x_wconf 86' lang='lat' dir='ltr'><strong>de</strong></span> <span class='ocrx_word' id='word_1_18' title='bbox 1543 1651 1706 1723; x_wconf 78' lang='lat' dir='ltr'><strong>vigne</strong></span> <span class='ocrx_word' id='word_1_19' title='bbox 1736 1667 1808 1707; x_wconf 86' lang='lat' dir='ltr'><strong>en</strong></span> <span class='ocrx_word' id='word_1_20' title='bbox 1841 1652 1895 1706; x_wconf 83' lang='lat' dir='ltr'><strong>la</strong></span> <span class='ocrx_word' id='word_1_21' title='bbox 1922 1651 2183 1707; x_wconf 86' lang='lat' dir='ltr'><strong>banlieue</strong></span> <span class='ocrx_word' id='word_1_22' title='bbox 2211 1651 2522 1716; x_wconf 74' lang='lat' dir='ltr'><strong>d&#39;Orleans,</strong></span> <span class='ocrx_word' id='word_1_23' title='bbox 2552 1668 2622 1707; x_wconf 86' lang='lat' dir='ltr'><strong>en</strong></span> <span class='ocrx_word' id='word_1_24' title='bbox 2654 1652 2707 1706; x_wconf 87' lang='lat' dir='ltr'><strong>la</strong></span> <span class='ocrx_word' id='word_1_25' title='bbox 2737 1653 2960 1708; x_wconf 85' lang='lat' dir='ltr'><strong>censive</strong></span> <span class='ocrx_word' id='word_1_26' title='bbox 3002 1654 3068 1709; x_wconf 89' lang='lat' dir='ltr'><strong>de</strong></span> 
     </span>
     <span class='ocr_line' id='line_1_5' title="bbox 894 1747 3070 1824; baseline -0.001 -19"><span class='ocrx_word' id='word_1_27' title='bbox 894 1747 1119 1805; x_wconf 83' lang='lat' dir='ltr'><strong>Nicolas</strong></span> <span class='ocrx_word' id='word_1_28' title='bbox 1161 1748 1378 1819; x_wconf 86' lang='lat' dir='ltr'><strong>Amari,</strong></span> <span class='ocrx_word' id='word_1_29' title='bbox 1424 1764 1536 1824; x_wconf 75' lang='lat' dir='ltr'><strong>que</strong></span> <span class='ocrx_word' id='word_1_30' title='bbox 1571 1749 1624 1803; x_wconf 87' lang='lat' dir='ltr'><strong>le</strong></span> <span class='ocrx_word' id='word_1_31' title='bbox 1656 1747 1933 1804; x_wconf 81' lang='lat' dir='ltr'><strong>chanoine</strong></span> <span class='ocrx_word' id='word_1_32' title='bbox 1978 1747 2207 1803; x_wconf 86' lang='lat' dir='ltr'><strong>Gautier</strong></span> <span class='ocrx_word' id='word_1_33' title='bbox 2248 1767 2276 1799; x_wconf 70' lang='grc' dir='ltr'><strong>ιι</strong></span> <span class='ocrx_word' id='word_1_34' title='bbox 2317 1748 2448 1804; x_wconf 89' lang='lat' dir='ltr'><strong>Pice</strong></span> <span class='ocrx_word' id='word_1_35' title='bbox 2493 1766 2522 1803; x_wconf 70' lang='grc' dir='ltr'><strong><em>ι</em></strong></span> <span class='ocrx_word' id='word_1_36' title='bbox 2563 1748 2708 1805; x_wconf 85' lang='lat' dir='ltr'><strong>avait</strong></span> <span class='ocrx_word' id='word_1_37' title='bbox 2740 1748 2960 1804; x_wconf 73' lang='lat' dir='ltr'><strong>donnes</strong></span> <span class='ocrx_word' id='word_1_38' title='bbox 3001 1765 3070 1803; x_wconf 81' lang='lat' dir='ltr'><strong>au</strong></span> 
     </span>
     <span class='ocr_line' id='line_1_6' title="bbox 888 1843 3074 1917; baseline -0 -18"><span class='ocrx_word' id='word_1_39' title='bbox 888 1844 1139 1916; x_wconf 84' lang='lat' dir='ltr'><strong>chapitre</strong></span> <span class='ocrx_word' id='word_1_40' title='bbox 1151 1844 1442 1900; x_wconf 71' lang='lat' dir='ltr'><strong>d’Orleans</strong></span> <span class='ocrx_word' id='word_1_41' title='bbox 1456 1845 1575 1916; x_wconf 89' lang='lat' dir='ltr'><strong>qui,</strong></span> <span class='ocrx_word' id='word_1_42' title='bbox 1590 1860 1659 1899; x_wconf 88' lang='lat' dir='ltr'><strong>en</strong></span> <span class='ocrx_word' id='word_1_43' title='bbox 1673 1844 1944 1914; x_wconf 75' lang='lat' dir='ltr'><strong>echange,</strong></span> <span class='ocrx_word' id='word_1_44' title='bbox 1960 1843 2294 1899; x_wconf 86' lang='lat' dir='ltr'><strong>abandonne</strong></span> <span class='ocrx_word' id='word_1_45' title='bbox 2311 1860 2399 1899; x_wconf 85' lang='lat' dir='ltr'><strong>ses</strong></span> <span class='ocrx_word' id='word_1_46' title='bbox 2412 1844 2727 1916; x_wconf 84' lang='lat' dir='ltr'><strong>poursuites</strong></span> <span class='ocrx_word' id='word_1_47' title='bbox 2739 1861 2885 1917; x_wconf 88' lang='lat' dir='ltr'><strong>pour</strong></span> <span class='ocrx_word' id='word_1_48' title='bbox 2896 1849 3074 1900; x_wconf 79' lang='lat' dir='ltr'><strong>trente</strong></span> 
     </span>
     <span class='ocr_line' id='line_1_7' title="bbox 888 1939 3071 2013; baseline 0 -18"><span class='ocrx_word' id='word_1_49' title='bbox 888 1939 1056 1996; x_wconf 83' lang='lat' dir='ltr'><strong>livres</strong></span> <span class='ocrx_word' id='word_1_50' title='bbox 1084 1945 1153 1996; x_wconf 84' lang='lat' dir='ltr'><strong>de</strong></span> <span class='ocrx_word' id='word_1_51' title='bbox 1184 1947 1368 2013; x_wconf 80' lang='lat' dir='ltr'><strong>portes</strong></span> <span class='ocrx_word' id='word_1_52' title='bbox 1393 1940 1701 2012; x_wconf 62' lang='lat' dir='ltr'><strong>eprouvees</strong></span> <span class='ocrx_word' id='word_1_53' title='bbox 1729 1942 1765 1996; x_wconf 69' lang='grc' dir='ltr'>ὲ</span> <span class='ocrx_word' id='word_1_54' title='bbox 1794 1942 1846 1996; x_wconf 84' lang='lat' dir='ltr'><strong>la</strong></span> <span class='ocrx_word' id='word_1_55' title='bbox 1866 1940 2150 2005; x_wconf 84' lang='lat' dir='ltr'><strong>Gervaise,</strong></span> <span class='ocrx_word' id='word_1_56' title='bbox 2182 1940 2428 2012; x_wconf 88' lang='lat' dir='ltr'><strong>pendant</strong></span> <span class='ocrx_word' id='word_1_57' title='bbox 2455 1957 2565 2012; x_wconf 86' lang='lat' dir='ltr'><strong>que</strong></span> <span class='ocrx_word' id='word_1_58' title='bbox 2594 1940 2728 1996; x_wconf 87' lang='lat' dir='ltr'><strong>ledit</strong></span> <span class='ocrx_word' id='word_1_59' title='bbox 2763 1942 2997 1998; x_wconf 83' lang='lat' dir='ltr'><strong>Gautier</strong></span> <span class='ocrx_word' id='word_1_60' title='bbox 3017 1941 3071 1996; x_wconf 83' lang='lat' dir='ltr'><strong>la</strong></span> 
     </span>
     <span class='ocr_line' id='line_1_8' title="bbox 887 2036 3073 2109; baseline -0 -16"><span class='ocrx_word' id='word_1_61' title='bbox 887 2037 1063 2094; x_wconf 83' lang='lat' dir='ltr'><strong>louait</strong></span> <span class='ocrx_word' id='word_1_62' title='bbox 1082 2054 1156 2093; x_wconf 81' lang='lat' dir='ltr'><strong>au</strong></span> <span class='ocrx_word' id='word_1_63' title='bbox 1187 2038 1454 2109; x_wconf 84' lang='lat' dir='ltr'><strong>chapitre.</strong></span> <span class='ocrx_word' id='word_1_64' title='bbox 1490 2037 1872 2095; x_wconf 84' lang='lat' dir='ltr'><strong>Sainte-Croix</strong></span> <span class='ocrx_word' id='word_1_65' title='bbox 1898 2037 2022 2109; x_wconf 87' lang='lat' dir='ltr'><strong>paie</strong></span> <span class='ocrx_word' id='word_1_66' title='bbox 2041 2037 2287 2109; x_wconf 85' lang='lat' dir='ltr'><strong>dix-sept</strong></span> <span class='ocrx_word' id='word_1_67' title='bbox 2304 2036 2471 2092; x_wconf 74' lang='lat' dir='ltr'><strong>livi-es</strong></span> <span class='ocrx_word' id='word_1_68' title='bbox 2499 2037 2697 2109; x_wconf 86' lang='lat' dir='ltr'><strong>parisis</strong></span> <span class='ocrx_word' id='word_1_69' title='bbox 2721 2038 2754 2092; x_wconf 70' lang='lat' dir='ltr'><strong>a</strong></span> <span class='ocrx_word' id='word_1_70' title='bbox 2775 2038 3073 2094; x_wconf 77' lang='lat' dir='ltr'><strong>Aubecour</strong></span> 
     </span>
     <span class='ocr_line' id='line_1_9' title="bbox 886 2116 3065 2206; baseline -0.001 -16"><span class='ocrx_word' id='word_1_71' title='bbox 886 2136 983 2206; x_wconf 87' lang='lat' dir='ltr'><strong>qui</strong></span> <span class='ocrx_word' id='word_1_72' title='bbox 1011 2139 1232 2206; x_wconf 88' lang='lat' dir='ltr'><strong>promet</strong></span> <span class='ocrx_word' id='word_1_73' title='bbox 1259 2150 1320 2189; x_wconf 88' lang='lat' dir='ltr'><strong>sa</strong></span> <span class='ocrx_word' id='word_1_74' title='bbox 1347 2134 1596 2205; x_wconf 75' lang='lat' dir='ltr'><strong>garantia</strong></span> <span class='ocrx_word' id='word_1_75' title='bbox 1638 2116 1833 2189; x_wconf 86' lang='lat' dir='ltr'><strong>contre</strong></span> <span class='ocrx_word' id='word_1_76' title='bbox 1861 2133 1920 2189; x_wconf 90' lang='lat' dir='ltr'><strong>le.</strong></span> <span class='ocrx_word' id='word_1_77' title='bbox 1944 2134 2261 2190; x_wconf 72' lang='lat' dir='ltr'><strong>monastero</strong></span> <span class='ocrx_word' id='word_1_78' title='bbox 2307 2133 2377 2189; x_wconf 87' lang='lat' dir='ltr'><strong>de</strong></span> <span class='ocrx_word' id='word_1_79' title='bbox 2404 2133 2789 2204; x_wconf 78' lang='lat' dir='ltr'><strong>Marcheroux,</strong></span> <span class='ocrx_word' id='word_1_80' title='bbox 2823 2136 2900 2190; x_wconf 73' lang='lat' dir='ltr'><strong>ou</strong></span> <span class='ocrx_word' id='word_1_81' title='bbox 2928 2133 3065 2190; x_wconf 88' lang='lat' dir='ltr'><strong>ledit</strong></span> 
     </span>
     <span class='ocr_line' id='line_1_10' title="bbox 886 2229 1496 2302; baseline -0.002 -16"><span class='ocrx_word' id='word_1_82' title='bbox 886 2229 1119 2286; x_wconf 79' lang='lat' dir='ltr'><strong>Gantier</strong></span> <span class='ocrx_word' id='word_1_83' title='bbox 1145 2230 1256 2302; x_wconf 89' lang='lat' dir='ltr'><strong>prit</strong></span> <span class='ocrx_word' id='word_1_84' title='bbox 1277 2229 1496 2286; x_wconf 83' lang='lat' dir='ltr'><strong>l’habit.</strong></span> 
     </span>
    </p>
   </div>
   <div class='ocr_carea' id='block_1_4' title="bbox 1356 2375 2525 2448">
    <p class='ocr_par' dir='ltr' id='par_1_4' title="bbox 1356 2375 2525 2448">
     <span class='ocr_line' id='line_1_11' title="bbox 1356 2375 2525 2448; baseline -0.001 -16"><span class='ocrx_word' id='word_1_85' title='bbox 1356 2375 1536 2447; x_wconf 76' lang='lat' dir='ltr'><strong>(orig.</strong></span> <span class='ocrx_word' id='word_1_86' title='bbox 1565 2393 1612 2431; x_wconf 91' lang='lat' dir='ltr'><strong>s.</strong></span> <span class='ocrx_word' id='word_1_87' title='bbox 1644 2376 1836 2448; x_wconf 86' lang='lat' dir='ltr'><strong>parch.</strong></span> <span class='ocrx_word' id='word_1_88' title='bbox 1870 2376 2040 2432; x_wconf 84' lang='lat' dir='ltr'><strong>Arch.</strong></span> <span class='ocrx_word' id='word_1_89' title='bbox 2075 2375 2151 2432; x_wconf 85' lang='lat' dir='ltr'><strong>du</strong></span> <span class='ocrx_word' id='word_1_90' title='bbox 2179 2375 2383 2444; x_wconf 88' lang='lat' dir='ltr'><strong>Loiret,</strong></span> <span class='ocrx_word' id='word_1_91' title='bbox 2416 2378 2525 2445; x_wconf 90' lang='lat' dir='ltr'><strong>G.).</strong></span> 
     </span>
    </p>
   </div>
   <div class='ocr_carea' id='block_1_5' title="bbox 788 2590 3062 4748">
    <p class='ocr_par' dir='ltr' id='par_1_5' title="bbox 788 2590 3062 4748">
     <span class='ocr_line' id='line_1_12' title="bbox 912 2590 3062 2681; baseline 0 -18"><span class='ocrx_word' id='word_1_92' title='bbox 912 2596 1122 2664; x_wconf 82' lang='lat' dir='ltr'><strong>Abbas</strong></span> <span class='ocrx_word' id='word_1_93' title='bbox 1173 2607 1240 2664; x_wconf 90' lang='lat' dir='ltr'><strong>et</strong></span> <span class='ocrx_word' id='word_1_94' title='bbox 1296 2604 1654 2664; x_wconf 88' lang='lat' dir='ltr'><strong>conventus</strong></span> <span class='ocrx_word' id='word_1_95' title='bbox 1716 2594 1870 2664; x_wconf 77' lang='lat' dir='ltr'><strong>Albe</strong></span> <span class='ocrx_word' id='word_1_96' title='bbox 1922 2590 2132 2681; x_wconf 89' lang='lat' dir='ltr'><strong>Curie,</strong></span> <span class='ocrx_word' id='word_1_97' title='bbox 2191 2593 2745 2664; x_wconf 87' lang='lat' dir='ltr'><strong>Premonstrensis</strong></span> <span class='ocrx_word' id='word_1_98' title='bbox 2791 2591 3062 2677; x_wconf 86' lang='lat' dir='ltr'><strong>ordinis,</strong></span> 
     </span>
     <span class='ocr_line' id='line_1_13' title="bbox 813 2707 3057 2801; baseline -0.001 -20"><span class='ocrx_word' id='word_1_99' title='bbox 813 2709 1116 2781; x_wconf 90' lang='lat' dir='ltr'><strong>omnibus</strong></span> <span class='ocrx_word' id='word_1_100' title='bbox 1176 2721 1508 2801; x_wconf 81' lang='lat' dir='ltr'><strong>presentes</strong></span> <span class='ocrx_word' id='word_1_101' title='bbox 1557 2710 1802 2781; x_wconf 79' lang='lat' dir='ltr'><strong>litteras</strong></span> <span class='ocrx_word' id='word_1_102' title='bbox 1855 2707 2245 2800; x_wconf 88' lang='lat' dir='ltr'><strong>inspecturis</strong></span> <span class='ocrx_word' id='word_1_103' title='bbox 2307 2708 2372 2778; x_wconf 91' lang='lat' dir='ltr'><strong>in</strong></span> <span class='ocrx_word' id='word_1_104' title='bbox 2435 2709 2712 2779; x_wconf 89' lang='lat' dir='ltr'><strong>Domino</strong></span> <span class='ocrx_word' id='word_1_105' title='bbox 2759 2712 3057 2781; x_wconf 88' lang='lat' dir='ltr'><strong>salutem.</strong></span> 
     </span>
     <span class='ocr_line' id='line_1_14' title="bbox 805 2824 3056 2916; baseline -0.001 -19"><span class='ocrx_word' id='word_1_106' title='bbox 805 2824 1109 2897; x_wconf 85' lang='lat' dir='ltr'><strong>Noverint</strong></span> <span class='ocrx_word' id='word_1_107' title='bbox 1164 2824 1442 2898; x_wconf 79' lang='lat' dir='ltr'><strong>universi</strong></span> <span class='ocrx_word' id='word_1_108' title='bbox 1500 2827 1671 2916; x_wconf 88' lang='lat' dir='ltr'><strong>quod</strong></span> <span class='ocrx_word' id='word_1_109' title='bbox 1737 2849 1885 2897; x_wconf 90' lang='lat' dir='ltr'><strong>cum</strong></span> <span class='ocrx_word' id='word_1_110' title='bbox 1951 2828 2120 2896; x_wconf 89' lang='lat' dir='ltr'><strong>viros</strong></span> <span class='ocrx_word' id='word_1_111' title='bbox 2182 2825 2575 2897; x_wconf 86' lang='lat' dir='ltr'><strong>venerabiles</strong></span> <span class='ocrx_word' id='word_1_112' title='bbox 2636 2827 2953 2896; x_wconf 90' lang='lat' dir='ltr'><strong>decanum</strong></span> <span class='ocrx_word' id='word_1_113' title='bbox 2993 2840 3056 2897; x_wconf 90' lang='lat' dir='ltr'><strong>et</strong></span> 
     </span>
     <span class='ocr_line' id='line_1_15' title="bbox 807 2939 3060 3032; baseline -0 -21"><span class='ocrx_word' id='word_1_114' title='bbox 807 2939 1150 3032; x_wconf 88' lang='lat' dir='ltr'><strong>capitulum</strong></span> <span class='ocrx_word' id='word_1_115' title='bbox 1199 2939 1675 3012; x_wconf 78' lang='lat' dir='ltr'><strong>Aurelianensis</strong></span> <span class='ocrx_word' id='word_1_116' title='bbox 1728 2939 2005 3011; x_wconf 79' lang='lat' dir='ltr'><strong>ecclesie</strong></span> <span class='ocrx_word' id='word_1_117' title='bbox 2068 2943 2469 3012; x_wconf 79' lang='lat' dir='ltr'><strong>traheremus</strong></span> <span class='ocrx_word' id='word_1_118' title='bbox 2519 2942 2586 3009; x_wconf 86' lang='lat' dir='ltr'><strong>in</strong></span> <span class='ocrx_word' id='word_1_119' title='bbox 2637 2962 2899 3011; x_wconf 88' lang='lat' dir='ltr'><strong>causam</strong></span> <span class='ocrx_word' id='word_1_120' title='bbox 2949 2962 3060 3011; x_wconf 92' lang='lat' dir='ltr'><strong>co-</strong></span> 
     </span>
     <span class='ocr_line' id='line_1_16' title="bbox 807 3053 3056 3145; baseline 0 -22"><span class='ocrx_word' id='word_1_121' title='bbox 807 3077 940 3124; x_wconf 87' lang='lat' dir='ltr'><strong>ram</strong></span> <span class='ocrx_word' id='word_1_122' title='bbox 976 3057 1203 3125; x_wconf 83' lang='lat' dir='ltr'><strong>abbate</strong></span> <span class='ocrx_word' id='word_1_123' title='bbox 1243 3068 1308 3126; x_wconf 91' lang='lat' dir='ltr'><strong>et</strong></span> <span class='ocrx_word' id='word_1_124' title='bbox 1342 3056 1554 3145; x_wconf 90' lang='lat' dir='ltr'><strong>priore</strong></span> <span class='ocrx_word' id='word_1_125' title='bbox 1606 3056 1685 3126; x_wconf 89' lang='lat' dir='ltr'><strong>de</strong></span> <span class='ocrx_word' id='word_1_126' title='bbox 1735 3053 2212 3126; x_wconf 81' lang='lat' dir='ltr'><strong>Nealna-Veteri</strong></span> <span class='ocrx_word' id='word_1_127' title='bbox 2261 3067 2325 3126; x_wconf 93' lang='lat' dir='ltr'><strong>et</strong></span> <span class='ocrx_word' id='word_1_128' title='bbox 2364 3053 2575 3145; x_wconf 89' lang='lat' dir='ltr'><strong>priore</strong></span> <span class='ocrx_word' id='word_1_129' title='bbox 2617 3056 2695 3125; x_wconf 90' lang='lat' dir='ltr'><strong>de</strong></span> <span class='ocrx_word' id='word_1_130' title='bbox 2757 3057 3056 3138; x_wconf 66' lang='lat' dir='ltr'><strong>meulent,</strong></span> 
     </span>
     <span class='ocr_line' id='line_1_17' title="bbox 798 3165 3058 3261; baseline 0.001 -25"><span class='ocrx_word' id='word_1_131' title='bbox 798 3165 1125 3257; x_wconf 88' lang='lat' dir='ltr'><strong>judicibus</strong></span> <span class='ocrx_word' id='word_1_132' title='bbox 1149 3191 1184 3239; x_wconf 89' lang='lat' dir='ltr'><strong>a</strong></span> <span class='ocrx_word' id='word_1_133' title='bbox 1211 3171 1377 3240; x_wconf 87' lang='lat' dir='ltr'><strong>Sede</strong></span> <span class='ocrx_word' id='word_1_134' title='bbox 1398 3168 1763 3261; x_wconf 84' lang='lat' dir='ltr'><strong>Apostolica</strong></span> <span class='ocrx_word' id='word_1_135' title='bbox 1790 3170 2127 3260; x_wconf 82' lang='lat' dir='ltr'><strong>delegatis,</strong></span> <span class='ocrx_word' id='word_1_136' title='bbox 2159 3191 2356 3259; x_wconf 92' lang='lat' dir='ltr'><strong>super</strong></span> <span class='ocrx_word' id='word_1_137' title='bbox 2384 3171 2637 3239; x_wconf 91' lang='lat' dir='ltr'><strong>duobus</strong></span> <span class='ocrx_word' id='word_1_138' title='bbox 2672 3169 2963 3259; x_wconf 86' lang='lat' dir='ltr'><strong>arpentis</strong></span> <span class='ocrx_word' id='word_1_139' title='bbox 2994 3182 3058 3240; x_wconf 93' lang='lat' dir='ltr'><strong>et</strong></span> 
     </span>
     <span class='ocr_line' id='line_1_18' title="bbox 805 3279 3053 3354; baseline 0.001 -3"><span class='ocrx_word' id='word_1_140' title='bbox 805 3279 1067 3353; x_wconf 87' lang='lat' dir='ltr'><strong>dimidio</strong></span> <span class='ocrx_word' id='word_1_141' title='bbox 1095 3280 1419 3354; x_wconf 85' lang='lat' dir='ltr'><strong>vinearum</strong></span> <span class='ocrx_word' id='word_1_142' title='bbox 1446 3282 1512 3354; x_wconf 90' lang='lat' dir='ltr'><strong>in</strong></span> <span class='ocrx_word' id='word_1_143' title='bbox 1546 3283 1792 3354; x_wconf 85' lang='lat' dir='ltr'><strong>banliva</strong></span> <span class='ocrx_word' id='word_1_144' title='bbox 1820 3283 2259 3354; x_wconf 84' lang='lat' dir='ltr'><strong>Aurelianensi</strong></span> <span class='ocrx_word' id='word_1_145' title='bbox 2291 3296 2354 3354; x_wconf 91' lang='lat' dir='ltr'><strong>et</strong></span> <span class='ocrx_word' id='word_1_146' title='bbox 2384 3281 2449 3353; x_wconf 90' lang='lat' dir='ltr'><strong>in</strong></span> <span class='ocrx_word' id='word_1_147' title='bbox 2476 3284 2736 3353; x_wconf 80' lang='lat' dir='ltr'><strong>censiva</strong></span> <span class='ocrx_word' id='word_1_148' title='bbox 2769 3281 3053 3354; x_wconf 86' lang='lat' dir='ltr'><strong>Nicbolai</strong></span> 
     </span>
     <span class='ocr_line' id='line_1_19' title="bbox 806 3393 3052 3488; baseline 0.002 -24"><span class='ocrx_word' id='word_1_149' title='bbox 806 3393 1028 3466; x_wconf 90' lang='lat' dir='ltr'><strong>militis</strong></span> <span class='ocrx_word' id='word_1_150' title='bbox 1066 3396 1451 3487; x_wconf 82' lang='lat' dir='ltr'><strong>cognomine</strong></span> <span class='ocrx_word' id='word_1_151' title='bbox 1475 3397 1697 3469; x_wconf 88' lang='lat' dir='ltr'><strong>Amari</strong></span> <span class='ocrx_word' id='word_1_152' title='bbox 1728 3396 1895 3480; x_wconf 87' lang='lat' dir='ltr'><strong>sitis,</strong></span> <span class='ocrx_word' id='word_1_153' title='bbox 1927 3421 2087 3488; x_wconf 90' lang='lat' dir='ltr'><strong>quas</strong></span> <span class='ocrx_word' id='word_1_154' title='bbox 2115 3419 2191 3469; x_wconf 84' lang='lat' dir='ltr'><strong>ex</strong></span> <span class='ocrx_word' id='word_1_155' title='bbox 2229 3394 2575 3468; x_wconf 87' lang='lat' dir='ltr'><strong>collatione</strong></span> <span class='ocrx_word' id='word_1_156' title='bbox 2626 3395 2856 3467; x_wconf 88' lang='lat' dir='ltr'><strong>Galteri</strong></span> <span class='ocrx_word' id='word_1_157' title='bbox 2897 3419 3052 3487; x_wconf 82' lang='lat' dir='ltr'><strong>cog-</strong></span> 
     </span>
     <span class='ocr_line' id='line_1_20' title="bbox 805 3507 3053 3604; baseline 0.002 -26"><span class='ocrx_word' id='word_1_158' title='bbox 805 3507 1113 3581; x_wconf 88' lang='lat' dir='ltr'><strong>nominati</strong></span> <span class='ocrx_word' id='word_1_159' title='bbox 1154 3512 1328 3596; x_wconf 88' lang='lat' dir='ltr'><strong>Pice,</strong></span> <span class='ocrx_word' id='word_1_160' title='bbox 1369 3515 1692 3604; x_wconf 89' lang='lat' dir='ltr'><strong>quondam</strong></span> <span class='ocrx_word' id='word_1_161' title='bbox 1738 3511 2159 3584; x_wconf 88' lang='lat' dir='ltr'><strong>concanonici</strong></span> <span class='ocrx_word' id='word_1_162' title='bbox 2198 3534 2446 3597; x_wconf 89' lang='lat' dir='ltr'><strong>eorum,</strong></span> <span class='ocrx_word' id='word_1_163' title='bbox 2485 3511 2645 3602; x_wconf 88' lang='lat' dir='ltr'><strong>ipsis</strong></span> <span class='ocrx_word' id='word_1_164' title='bbox 2687 3525 3053 3604; x_wconf 86' lang='lat' dir='ltr'><strong>competere</strong></span> 
     </span>
     <span class='ocr_line' id='line_1_21' title="bbox 805 3622 3052 3718; baseline 0.002 -24"><span class='ocrx_word' id='word_1_165' title='bbox 805 3622 1130 3709; x_wconf 89' lang='lat' dir='ltr'><strong>dicebant,</strong></span> <span class='ocrx_word' id='word_1_166' title='bbox 1173 3648 1332 3717; x_wconf 92' lang='lat' dir='ltr'><strong>quas</strong></span> <span class='ocrx_word' id='word_1_167' title='bbox 1380 3625 1569 3698; x_wconf 90' lang='lat' dir='ltr'><strong>ctiam</strong></span> <span class='ocrx_word' id='word_1_168' title='bbox 1632 3630 1710 3698; x_wconf 88' lang='lat' dir='ltr'><strong>ad</strong></span> <span class='ocrx_word' id='word_1_169' title='bbox 1753 3641 2041 3698; x_wconf 88' lang='lat' dir='ltr'><strong>nostrum</strong></span> <span class='ocrx_word' id='word_1_170' title='bbox 2086 3625 2405 3718; x_wconf 88' lang='lat' dir='ltr'><strong>pertinere</strong></span> <span class='ocrx_word' id='word_1_171' title='bbox 2458 3624 2918 3697; x_wconf 89' lang='lat' dir='ltr'><strong>monasterium</strong></span> <span class='ocrx_word' id='word_1_172' title='bbox 2955 3649 3052 3698; x_wconf 89' lang='lat' dir='ltr'><strong>as·</strong></span> 
     </span>
     <span class='ocr_line' id='line_1_22' title="bbox 806 3738 3048 3832; baseline -0 -22"><span class='ocrx_word' id='word_1_173' title='bbox 806 3742 1179 3811; x_wconf 88' lang='lat' dir='ltr'><strong>serebamus</strong></span> <span class='ocrx_word' id='word_1_174' title='bbox 1246 3763 1394 3812; x_wconf 92' lang='lat' dir='ltr'><strong>cum</strong></span> <span class='ocrx_word' id='word_1_175' title='bbox 1436 3741 1606 3812; x_wconf 88' lang='lat' dir='ltr'><strong>idem</strong></span> <span class='ocrx_word' id='word_1_176' title='bbox 1674 3745 1967 3813; x_wconf 88' lang='lat' dir='ltr'><strong>Galtcrus</strong></span> <span class='ocrx_word' id='word_1_177' title='bbox 2014 3764 2084 3813; x_wconf 91' lang='lat' dir='ltr'><strong>se</strong></span> <span class='ocrx_word' id='word_1_178' title='bbox 2131 3754 2198 3812; x_wconf 87' lang='lat' dir='ltr'><strong>ct</strong></span> <span class='ocrx_word' id='word_1_179' title='bbox 2232 3764 2346 3813; x_wconf 87' lang='lat' dir='ltr'><strong>sua</strong></span> <span class='ocrx_word' id='word_1_180' title='bbox 2390 3753 2613 3811; x_wconf 88' lang='lat' dir='ltr'><strong>nostre</strong></span> <span class='ocrx_word' id='word_1_181' title='bbox 2651 3738 2946 3832; x_wconf 85' lang='lat' dir='ltr'><strong>religioni</strong></span> <span class='ocrx_word' id='word_1_182' title='bbox 2987 3753 3048 3811; x_wconf 90' lang='lat' dir='ltr'><strong>et</strong></span> 
     </span>
     <span class='ocr_line' id='line_1_23' title="bbox 803 3851 3048 3948; baseline -0.001 -23"><span class='ocrx_word' id='word_1_183' title='bbox 803 3853 1077 3945; x_wconf 83' lang='lat' dir='ltr'><strong>collegio</strong></span> <span class='ocrx_word' id='word_1_184' title='bbox 1112 3853 1477 3926; x_wconf 87' lang='lat' dir='ltr'><strong>dedicasset</strong></span> <span class='ocrx_word' id='word_1_185' title='bbox 1512 3855 1812 3948; x_wconf 89' lang='lat' dir='ltr'><strong>idemque</strong></span> <span class='ocrx_word' id='word_1_186' title='bbox 1845 3859 2137 3927; x_wconf 86' lang='lat' dir='ltr'><strong>Galterus</strong></span> <span class='ocrx_word' id='word_1_187' title='bbox 2163 3877 2234 3926; x_wconf 93' lang='lat' dir='ltr'><strong>se</strong></span> <span class='ocrx_word' id='word_1_188' title='bbox 2283 3854 2556 3945; x_wconf 91' lang='lat' dir='ltr'><strong>aliquam</strong></span> <span class='ocrx_word' id='word_1_189' title='bbox 2594 3853 2691 3925; x_wconf 89' lang='lat' dir='ltr'><strong>eis</strong></span> <span class='ocrx_word' id='word_1_190' title='bbox 2731 3855 2809 3925; x_wconf 90' lang='lat' dir='ltr'><strong>de</strong></span> <span class='ocrx_word' id='word_1_191' title='bbox 2857 3851 3048 3924; x_wconf 90' lang='lat' dir='ltr'><strong>dictis</strong></span> 
     </span>
     <span class='ocr_line' id='line_1_24' title="bbox 803 3967 3041 4062; baseline 0 -24"><span class='ocrx_word' id='word_1_192' title='bbox 803 3967 1007 4040; x_wconf 85' lang='lat' dir='ltr'><strong>vineis</strong></span> <span class='ocrx_word' id='word_1_193' title='bbox 1053 3968 1466 4042; x_wconf 89' lang='lat' dir='ltr'><strong>donationem</strong></span> <span class='ocrx_word' id='word_1_194' title='bbox 1522 3970 1758 4042; x_wconf 88' lang='lat' dir='ltr'><strong>fecisse</strong></span> <span class='ocrx_word' id='word_1_195' title='bbox 1817 3972 2090 4062; x_wconf 85' lang='lat' dir='ltr'><strong>negabat</strong></span> <span class='ocrx_word' id='word_1_196' title='bbox 2128 3969 2410 4061; x_wconf 89' lang='lat' dir='ltr'><strong>penitus,</strong></span> <span class='ocrx_word' id='word_1_197' title='bbox 2473 3982 2547 4041; x_wconf 88' lang='lat' dir='ltr'><strong>ut</strong></span> <span class='ocrx_word' id='word_1_198' title='bbox 2606 3967 3041 4049; x_wconf 88' lang='lat' dir='ltr'><strong>dicebamus;</strong></span> 
     </span>
     <span class='ocr_line' id='line_1_25' title="bbox 799 4080 3040 4174; baseline -0.001 -20"><span class='ocrx_word' id='word_1_199' title='bbox 799 4104 1079 4174; x_wconf 89' lang='lat' dir='ltr'><strong>cumque</strong></span> <span class='ocrx_word' id='word_1_200' title='bbox 1118 4104 1236 4153; x_wconf 87' lang='lat' dir='ltr'><strong>nos</strong></span> <span class='ocrx_word' id='word_1_201' title='bbox 1274 4105 1310 4153; x_wconf 92' lang='lat' dir='ltr'><strong>e</strong></span> <span class='ocrx_word' id='word_1_202' title='bbox 1348 4082 1669 4154; x_wconf 89' lang='lat' dir='ltr'><strong>contrario</strong></span> <span class='ocrx_word' id='word_1_203' title='bbox 1709 4082 1955 4154; x_wconf 90' lang='lat' dir='ltr'><strong>dictum</strong></span> <span class='ocrx_word' id='word_1_204' title='bbox 2016 4081 2365 4173; x_wconf 89' lang='lat' dir='ltr'><strong>capitulum</strong></span> <span class='ocrx_word' id='word_1_205' title='bbox 2426 4105 2643 4153; x_wconf 89' lang='lat' dir='ltr'><strong>coram</strong></span> <span class='ocrx_word' id='word_1_206' title='bbox 2682 4080 3040 4173; x_wconf 87' lang='lat' dir='ltr'><strong>judicibus,</strong></span> 
     </span>
     <span class='ocr_line' id='line_1_26' title="bbox 796 4192 3042 4286; baseline -0.001 -18"><span class='ocrx_word' id='word_1_207' title='bbox 796 4195 1043 4268; x_wconf 91' lang='lat' dir='ltr'><strong>scilicet</strong></span> <span class='ocrx_word' id='word_1_208' title='bbox 1081 4208 1368 4280; x_wconf 89' lang='lat' dir='ltr'><strong>cantore,</strong></span> <span class='ocrx_word' id='word_1_209' title='bbox 1411 4210 1793 4269; x_wconf 90' lang='lat' dir='ltr'><strong>succentore</strong></span> <span class='ocrx_word' id='word_1_210' title='bbox 1817 4209 1881 4267; x_wconf 89' lang='lat' dir='ltr'><strong>et</strong></span> <span class='ocrx_word' id='word_1_211' title='bbox 1921 4194 2128 4266; x_wconf 90' lang='lat' dir='ltr'><strong>Bricio</strong></span> <span class='ocrx_word' id='word_1_212' title='bbox 2150 4192 2463 4267; x_wconf 90' lang='lat' dir='ltr'><strong>canonico</strong></span> <span class='ocrx_word' id='word_1_213' title='bbox 2503 4193 3042 4286; x_wconf 80' lang='lat' dir='ltr'><strong>Magdunensibus</strong></span> 
     </span>
     <span class='ocr_line' id='line_1_27' title="bbox 793 4308 3038 4402; baseline -0.001 -21"><span class='ocrx_word' id='word_1_214' title='bbox 793 4309 1169 4382; x_wconf 89' lang='lat' dir='ltr'><strong>auctoritate</strong></span> <span class='ocrx_word' id='word_1_215' title='bbox 1199 4309 1551 4402; x_wconf 90' lang='lat' dir='ltr'><strong>apostolica</strong></span> <span class='ocrx_word' id='word_1_216' title='bbox 1591 4309 1962 4383; x_wconf 87' lang='lat' dir='ltr'><strong>conveniret</strong></span> <span class='ocrx_word' id='word_1_217' title='bbox 2005 4333 2200 4401; x_wconf 88' lang='lat' dir='ltr'><strong>super</strong></span> <span class='ocrx_word' id='word_1_218' title='bbox 2238 4308 2534 4401; x_wconf 90' lang='lat' dir='ltr'><strong>dampnis</strong></span> <span class='ocrx_word' id='word_1_219' title='bbox 2574 4321 2636 4381; x_wconf 88' lang='lat' dir='ltr'><strong>ct</strong></span> <span class='ocrx_word' id='word_1_220' title='bbox 2688 4308 3038 4400; x_wconf 89' lang='lat' dir='ltr'><strong>deperditis</strong></span> 
     </span>
     <span class='ocr_line' id='line_1_28' title="bbox 792 4424 3033 4519; baseline -0.001 -21"><span class='ocrx_word' id='word_1_221' title='bbox 792 4425 1109 4498; x_wconf 91' lang='lat' dir='ltr'><strong>estimatis</strong></span> <span class='ocrx_word' id='word_1_222' title='bbox 1151 4450 1352 4517; x_wconf 84' lang='lat' dir='ltr'><strong>usque</strong></span> <span class='ocrx_word' id='word_1_223' title='bbox 1374 4430 1449 4498; x_wconf 91' lang='lat' dir='ltr'><strong>ad</strong></span> <span class='ocrx_word' id='word_1_224' title='bbox 1482 4450 1799 4500; x_wconf 90' lang='lat' dir='ltr'><strong>summam</strong></span> <span class='ocrx_word' id='word_1_225' title='bbox 1848 4424 2106 4519; x_wconf 85' lang='lat' dir='ltr'><strong>triginta</strong></span> <span class='ocrx_word' id='word_1_226' title='bbox 2148 4425 2474 4510; x_wconf 86' lang='lat' dir='ltr'><strong>librarum,</strong></span> <span class='ocrx_word' id='word_1_227' title='bbox 2508 4449 2636 4519; x_wconf 85' lang='lat' dir='ltr'><strong>que</strong></span> <span class='ocrx_word' id='word_1_228' title='bbox 2663 4428 2938 4517; x_wconf 88' lang='lat' dir='ltr'><strong>dampna</strong></span> <span class='ocrx_word' id='word_1_229' title='bbox 2975 4439 3033 4496; x_wconf 88' lang='lat' dir='ltr'><strong>et</strong></span> 
     </span>
     <span class='ocr_line' id='line_1_29' title="bbox 792 4524 3032 4634; baseline -0.001 -23"><span class='ocrx_word' id='word_1_230' title='bbox 792 4540 1117 4633; x_wconf 86' lang='lat' dir='ltr'><strong>deperdita</strong></span> <span class='ocrx_word' id='word_1_231' title='bbox 1138 4540 1201 4611; x_wconf 92' lang='lat' dir='ltr'><strong>in</strong></span> <span class='ocrx_word' id='word_1_232' title='bbox 1235 4524 1426 4613; x_wconf 81' lang='lat' dir='ltr'><strong>domo</strong></span> <span class='ocrx_word' id='word_1_233' title='bbox 1453 4544 1744 4634; x_wconf 86' lang='lat' dir='ltr'><strong>ejusdem</strong></span> <span class='ocrx_word' id='word_1_234' title='bbox 1773 4540 2059 4633; x_wconf 88' lang='lat' dir='ltr'><strong>capituli,</strong></span> <span class='ocrx_word' id='word_1_235' title='bbox 2091 4564 2217 4632; x_wconf 91' lang='lat' dir='ltr'><strong>que</strong></span> <span class='ocrx_word' id='word_1_236' title='bbox 2244 4539 2537 4612; x_wconf 88' lang='lat' dir='ltr'><strong>Gervasia</strong></span> <span class='ocrx_word' id='word_1_237' title='bbox 2578 4538 2833 4626; x_wconf 89' lang='lat' dir='ltr'><strong>dicitur,</strong></span> <span class='ocrx_word' id='word_1_238' title='bbox 2866 4555 2933 4611; x_wconf 85' lang='lat' dir='ltr'><strong>et</strong></span> <span class='ocrx_word' id='word_1_239' title='bbox 2966 4544 3032 4610; x_wconf 89' lang='lat' dir='ltr'><strong>in</strong></span> 
     </span>
     <span class='ocr_line' id='line_1_30' title="bbox 788 4654 3028 4748; baseline -0 -23"><span class='ocrx_word' id='word_1_240' title='bbox 788 4654 1202 4748; x_wconf 87' lang='lat' dir='ltr'><strong>pertinenciis</strong></span> <span class='ocrx_word' id='word_1_241' title='bbox 1247 4658 1537 4748; x_wconf 89' lang='lat' dir='ltr'><strong>ejusdem</strong></span> <span class='ocrx_word' id='word_1_242' title='bbox 1597 4661 1828 4730; x_wconf 87' lang='lat' dir='ltr'><strong>domus</strong></span> <span class='ocrx_word' id='word_1_243' title='bbox 1870 4655 2202 4742; x_wconf 89' lang='lat' dir='ltr'><strong>sustinuit,</strong></span> <span class='ocrx_word' id='word_1_244' title='bbox 2246 4677 2324 4726; x_wconf 92' lang='lat' dir='ltr'><strong>eo</strong></span> <span class='ocrx_word' id='word_1_245' title='bbox 2369 4669 2657 4746; x_wconf 89' lang='lat' dir='ltr'><strong>tempore</strong></span> <span class='ocrx_word' id='word_1_246' title='bbox 2697 4676 2824 4745; x_wconf 90' lang='lat' dir='ltr'><strong>quo</strong></span> <span class='ocrx_word' id='word_1_247' title='bbox 2862 4654 3028 4726; x_wconf 89' lang='lat' dir='ltr'><strong>idem</strong></span> 
     </span>
    </p>
   </div>
  </div>
 </body>
</html>
