3485 5571
1797 637 2092 701 ..86—

1879 995 1981 1056 XL

1531 1221 1772 1295 SenliS,
1817 1223 2178 1285 novembre
2217 1222 2330 1285 991

965 1422 1196 1500 Bolum,
1228 1423 1314 1492 roi
1342 1424 1576 1496 anochi,
1606 1426 1875 1494 confirmo
1909 1426 1992 1482 les
2035 1428 2384 1510 possessions
2412 1428 2482 1488 de
2520 1429 2902 1492 sainte-Croix

1703 1527 1761 1577 et
1787 1523 2147 1580 l'immunite.

979 1691 1174 1765 (Gopie
1203 1692 1272 1748 de
1304 1692 1525 1763 Batnae,
1548 1710 1603 1766 p.
1635 1694 1725 1750 54.
1758 1725 1829 1738 —
1857 1694 1984 1751 Bib.
2014 1668 2301 1776 nats-3:⁰3
2309 1698 2405 1754 lat.
2432 1649 2725 1770 ὃξέθῖρ.
2765 1696 2920 1768 285.)

812 1894 978 1967 (Pub.
1002 1895 1137 1956 Rec.
1170 1893 1268 1955 des
1305 1893 1622 1958 Historiam
1660 1894 1760 1950 des
1792 1894 2021 1966 Gauius,
2061 1900 2103 1951 t.
2135 1896 2209 1967 X,
2237 1912 2293 1970 p.
2323 1895 2455 1967 573,
2483 1895 2704 1970 d’apres
2735 1897 3057 1980 Estiennot.)

906 2149 974 2215 ln
1043 2141 1304 2214 nomine
1355 2143 1612 2214 Domini
1670 2142 1786 2216 Dei
1845 2145 2066 2215 aeterni
2120 2160 2185 2215 et
2256 2144 2594 2220 salvatoris
2649 2148 2855 2217 nostri
2912 2151 3052 2218 Jesu

820 2257 1078 2341 Christi,
1113 2261 1465 2329 Rotbertus
1506 2256 1951 2329 misericordia
1980 2256 2095 2330 Dei
2127 2281 2259 2330 rex.
2297 2262 2556 2332 Noverit
2596 2264 2920 2351 sagacitas
2945 2283 3053 2333 sen

816 2372 1058 2443 utilitas
1088 2371 1379 2442 omnium
1414 2370 1698 2443 fidelium
1758 2386 1999 2446 sanctae
2040 2375 2157 2443 Dei
2217 2374 2516 2446 ecclesiae
2556 2387 2712 2454 ete„
2757 2387 2830 2450 ut
2867 2399 3057 2467 supra

812 2489 887 2556 in
930 2489 1142 2556 literis
1199 2487 1499 2576 Huyom’s
1550 2489 1748 2577 reyis,
1811 2489 2082 2558 mutatis
2119 2510 2262 2578 quae
2310 2489 2456 2559 illic
2519 2491 2830 2560 adnotata
2887 2500 3056 2570 sunt,

814 2622 1013 2691 usque
1048 2602 1135 2669 ad
1186 2601 1320 2671 haec
1354 2601 1590 2668 verbex
1654 2596 1868 2667 villam
1920 2598 2154 2681 Emori,
2223 2623 2369 2669 cum
2433 2605 2627 2672 rebus
2675 2604 2756 2672 ad
2805 2604 3056 2674 easdem

818 2713 999 2783 villas
1075 2711 1570 2805 pertinentibus.
1638 2712 2065 2784 venationem
2127 2736 2385 2805 quoque
2468 2713 2642 2784 silvae
2721 2718 3056 2808 Leodigae,

817 2851 1006 2919 quiam
1066 2851 1179 2920 per
1217 2829 1536 2919 quandam
1599 2826 2115 2897 convenientiam
2166 2830 2663 2920 subripuerunt,
2709 2832 2932 2917 reddo,
3002 2842 3060 2901 et

819 2943 984 3013 sicut
1015 2955 1467 3014 antecessores
1515 2944 1656 3033 ejus
1697 2953 2070 3024 tenuerunt,
2111 2964 2251 3012 eam
2276 2943 2486 3014 eidem
2518 2943 2814 3028 ecclesiae
2845 2959 3062 3016 teneu-

821 3059 965 3127 dam
1012 3060 1487 3147 inperpetuum
1565 3057 2054 3145 habendamque
2116 3054 2369 3127 cunctis
2426 3055 2656 3128 diebus
2723 3062 3052 3141 confirmo,

823 3168 1212 3243 Beneficium
1252 3168 1443 3239 etiam
1484 3169 1807 3259 quoddam
1850 3171 2180 3240 Gausiredi
2239 3168 2519 3253 comitis,
2584 3173 2754 3261 quod
2816 3174 3062 3262 iamdu-

823 3287 972 3360 dum
1027 3282 1317 3355 eeclesiae
1381 3286 1631 3353 Sanctae
1708 3283 1930 3354 Crucis
2013 3298 2079 3354 et
2162 3287 2420 3355 Arnulto
2485 3284 2769 3374 praesuli,
2839 3290 3060 3359 eodem

822 3401 1171 3468 Gauztredo
1251 3395 1701 3468 consentiente
1772 3418 1887 3488 per
1961 3398 2297 3489 scriptum,
2362 3398 2638 3493 reddidi,
2702 3398 3062 3492 ubicunque

823 3515 1108 3583 locorum
1136 3511 1330 3581 situm
1359 3509 1463 3596 sit,
1507 3513 1678 3601 quod
1723 3534 1835 3602 per
1876 3534 2103 3581 manus
2143 3526 2402 3583 nostras
2429 3527 2696 3586 actenus
2739 3513 3061 3586 videbatur

825 3630 1059 3697 habere
1098 3625 1161 3695 in
1204 3624 1611 3704 beneficium.
1662 3648 1835 3695 nunc
1860 3640 2074 3696 autem
2101 3626 2296 3716 regali
2330 3643 2654 3720 praecepto
2702 3632 3061 3703 habendum

826 3738 1147 3813 auctor-izo
1180 3739 1242 3809 in
1286 3754 1690 3831 perpetuum.
1734 3744 2070 3810 Memorata
2116 3739 2306 3831 igitur
2348 3742 2735 3814 monasteria
2770 3758 2957 3815 etc...
2997 3756 3064 3816 ut

826 3879 1110 3948 supra...
1506 3874 1507 3877 ’

916 3971 1145 4036 Datum
1188 3965 1580 4056 Sylvanectis
1626 3964 1883 4057 palatio,
1931 3987 2160 4036 mense
2208 3963 2562 4051 novembri,
2601 3964 2957 4037 indictione
2994 3969 3066 4049 V,

827 4103 998 4151 anno
1037 4082 1170 4149 11110
1198 4091 1505 4169 regnante
1548 4082 1852 4149 Rotberto
1891 4101 2064 4170 rege.

918 4198 1196 4286 Signum
1238 4198 1774 4287 (Monoqramme)
1816 4197 2102 4265 Rotberti
2155 4193 2599 4286 gloriosissimi
2635 4194 2845 4286 regis.

920 4311 1282 4401 Raynoidus
1322 4307 1666 4401 episcopus
1705 4321 1770 4380 et
1806 4308 2454 4399 prothocanceliarius
2486 4308 2893 4400 subscripsit.
