3485 5571
1357 671 1432 682 —
1477 634 1716 701 203—

1468 891 1625 952 CXX

1454 1115 1611 1179 1199

397 1295 739 1368 Exemption
768 1294 839 1350 de
864 1296 977 1364 gite
1005 1311 1149 1366 pour
1178 1295 1228 1350 le
1266 1296 1401 1350 cure
1432 1295 1502 1353 de
1538 1295 2179 1367 Neung-sur-Beuvron,
2229 1312 2372 1369 pour
2412 1298 2484 1353 10
2527 1314 2663 1354 sous

503 1389 775 1464 payables
803 1407 878 1446 au
906 1391 1176 1463 chapitre,
1207 1395 1263 1446 et
1290 1391 1403 1447 don
1434 1391 1503 1448 de
1531 1392 1603 1450 30
1627 1408 1763 1448 sous
1782 1407 1882 1448 sur
1905 1390 2117 1463 l’eglise
2142 1391 2212 1448 de
2242 1393 2553 1466 Semblecy.

710 1512 889 1585 (Or-ig.
923 1514 1096 1570 Arch.
1130 1513 1208 1570 dn
1235 1514 1445 1586 Loiret,
1473 1517 1539 1573 G.
1567 1515 1711 1586 353;
1750 1516 1998 1571 mention
2024 1514 2358 1587 Scriptum).

482 1684 621 1773 Ego
700 1683 1041 1770 CadulcuS‚
1094 1680 1595 1754 archidiaconus
1670 1686 1904 1754 Sancte
1946 1681 2200 1768 Crucis,
2251 1683 2557 1757 omnibus
2595 1683 2661 1754 in

397 1809 807 1887 perpetuum.
854 1798 929 1867 Ut
966 1818 1039 1866 ea
1066 1819 1192 1887 que
1229 1795 1569 1868 devotione
1593 1795 1881 1868 fidelium
1907 1808 2132 1868 sancte
2159 1798 2341 1868 matri
2372 1798 2663 1870 Ecclesie

396 1913 822 1981 conteruntur
850 1921 1153 2001 perpetua
1194 1909 1539 1981 stabilitate
1581 1933 1783 2001 penes
1822 1933 1962 1982 eam
1991 1924 2407 2003 permaneant
2444 1925 2509 1983 et
2569 1915 2650 1983 ad

396 2027 611 2097 luture
642 2026 1037 2117 posteritatis
1075 2024 1392 2116 attingant
1430 2027 1807 2097 memoriam
1846 2029 1923 2097 ad
1953 2040 2264 2119 perpetue
2306 2027 2486 2120 pacis
2524 2042 2657 2101 sta-

394 2141 737 2234 bilitatem,
779 2155 1037 2214 cautum
1085 2158 1184 2215 est
1228 2157 1295 2214 ut
1363 2142 1659 2234 sigillatis
1697 2143 2035 2236 appicibus
2083 2149 2642 2218 commendentur.

348 2247 351 2248 ⁷
394 2260 752 2349 Eapropter
794 2270 1015 2328 notum
1046 2256 1206 2329 facio
1232 2255 1550 2328 universis
1568 2261 1739 2349 quod
1787 2257 1955 2330 inter
1992 2281 2096 2330 me
2136 2273 2201 2330 et
2230 2260 2658 2351 presbiterum

398 2372 478 2442 de
514 2369 700 2444 Naim
741 2393 936 2463 super
962 2370 1412 2462 procuratione
1439 2393 1629 2462 quam
1667 2372 1862 2443 micbi
1891 2374 2033 2464 jure
2092 2372 2649 2446 archidiaconatus

399 2487 623 2558 deberi
699 2489 1067 2558 asserebam
1169 2484 1498 2559 contentio
1589 2490 1977 2558 vertebatur.
2053 2487 2351 2560 Predicte
2416 2489 2659 2562 etenim

401 2601 726 2692 presbiter
786 2598 1063 2672 ecclesie
1123 2621 1194 2672 se
1266 2602 1366 2671 vel
1450 2601 1732 2692 aliquem
1819 2615 2307 2674 antecessorum
2394 2625 2658 2675 suorum

404 2711 602 2785 michi
672 2716 769 2785 vel
825 2712 1016 2785 alicui
1102 2725 1589 2785 antecessorum
1658 2735 1950 2785 meorum
2023 2737 2350 2808 nonquam
2429 2715 2646 2788 reddi-

404 2829 580 2903 disse
653 2831 1171 2922 procurationem
1238 2841 1611 2902 constanter
1673 2832 2030 2914 asserebat,
2091 2834 2260 2902 unde
2349 2843 2415 2904 et
2474 2855 2651 2924 pres-

401 2942 722 3036 criptione
763 2941 1122 3035 longissimi
1166 2942 1476 3035 temporis
1515 2965 1587 3014 se
1643 2966 1679 3014 a
1734 2945 2128 3035 prestatione
2181 2945 2651 3037 procurationis

401 3055 653 3130 absolvi
695 3059 1082 3150 postulabat.
1125 3060 1408 3130 Tandem
1449 3056 1616 3128 inter
1649 3080 1751 3128 me
1788 3071 1853 3128 et
1913 3058 2274 3149 predictum
2342 3059 2659 3150 presbite-

399 3194 540 3243 rum
567 3169 928 3244 amicabilis
967 3169 1349 3262 compositio
1397 3168 1739 3242 intervenit
1797 3175 1968 3263 quod
2010 3171 2359 3264 presbiter,
2407 3174 2516 3264 qui
2592 3172 2657 3244 in

401 3285 697 3377 predicta
719 3285 993 3357 ecclesia
1019 3306 1134 3376 pro
1153 3298 1442 3376 tempore
1466 3285 1889 3370 ministrabit,
1919 3285 2192 3377 singulis
2218 3284 2403 3358 annis
2430 3289 2656 3358 decem

401 3400 651 3471 solidos
684 3398 965 3491 capitulo
1005 3403 1240 3470 Sancte
1292 3397 1516 3471 Crucis
1565 3402 1888 3490 persolvet
1928 3398 1992 3469 in
2033 3402 2201 3471 sesto
2240 3399 2546 3472 Dorothei
2590 3414 2656 3471 et

402 3512 623 3586 Severi
670 3515 1030 3598 martirum,
1073 3511 1405 3585 canonicis
1445 3516 1554 3604 qui
1584 3511 1944 3585 intererunt
1990 3513 2322 3585 matutinis
2368 3513 2659 3586 dividen-

402 3631 545 3700 dos.
583 3629 820 3719 Sicque
861 3630 1075 3699 nullus
1103 3626 1600 3699 archidiaconns
1639 3649 1674 3698 a
1697 3627 2056 3719 presbitero
2087 3629 2327 3720 prefate
2380 3627 2659 3701 ecclesie

404 3739 924 3833 procurationem
990 3742 1087 3812 vel
1145 3737 1382 3832 aliquid
1454 3739 1717 3811 nomine
1777 3740 2246 3833 procurationis
2316 3744 2395 3814 de
2442 3755 2659 3814 cetero

403 3856 640 3947 poterit
670 3858 1019 3947 postulare.
1063 3855 1224 3925 Illud
1245 3853 1437 3925 etiam
1498 3876 1901 3945 nequaquam
1946 3853 2168 3926 censui
2224 3855 2653 3943 reticendum,

407 3971 576 4058 quod
606 3966 878 4060 trigenta
912 3969 1183 4056 solidos,
1216 3990 1378 4060 quos
1409 3967 1473 4037 in
1513 3969 1795 4040 ecclesia
1835 3971 1915 4039 de
1986 3967 2302 4040 Sambleci
2369 3968 2657 4060 adquisi-

417 4104 657 4165 veram‚
691 4080 969 4173 capitulo
997 4086 1229 4153 Sancte
1257 4081 1480 4153 Crucis
1523 4080 1790 4169 contuli,
1819 4085 1939 4154 sub
1981 4085 2098 4153 hac
2127 4081 2343 4174 specie
2369 4083 2658 4154 dividen-

410 4197 523 4268 dos
565 4197 741 4287 quod
770 4194 992 4286 viginti
1033 4195 1221 4268 solidi
1255 4198 1322 4266 in
1385 4195 1824 4267 anniversario
1878 4195 2140 4305 Philipi²
2204 4195 2415 4268 fratris
2477 4196 2648 4287 regis

425 4311 838 4393 Francorum,
881 4308 1211 4382 canonicis
1275 4307 1381 4402 qui
1413 4308 1856 4381 anniversario
1894 4309 2276 4394 intererunt,
2318 4324 2381 4382 et
2434 4312 2657 4382 decem

412 4423 600 4494 solidi
642 4447 707 4494 ιιι
747 4425 948 4495 missa
996 4423 1433 4516 predictorum
1492 4423 1825 4495 martirum
1900 4426 2139 4515 prefata
2201 4422 2420 4516 specie
2492 4422 2655 4495 divi·

418 4536 667 4608 dentur.
750 4543 980 4610 Actum
1046 4538 1111 4609 in
1194 4536 1475 4630 capitulo
1536 4552 1786 4618 nostro,
1866 4560 2037 4609 anno
2102 4541 2293 4610 Verbi
2343 4536 2652 4609 incarnati

420 4653 721 4722 ucxclx.
