3485 5571
1360 684 1699 747 ,Ξο9--

1362 1035 1626 1099 cxxvlt

816 1337 1205 1419 MontargiS,
1235 1335 1345 1419 [25
1369 1352 1552 1398 mars
1574 1334 1611 1398 a
1642 1334 1716 1397 31
1755 1336 2055 1417 octobre]
2086 1335 2265 1399 1201.

389 1585 934 1659 philippe-Auguste
971 1585 1187 1657 precise
1217 1586 1303 1641 les
1331 1584 1505 1640 droits
1549 1584 1780 1657 d’usage
1826 1585 1925 1641 des
1973 1584 2254 1656 chapitres
2310 1584 2379 1640 de
2431 1584 2649 1640 Sainte-

460 1682 632 1738 Croix
660 1687 716 1738 et
745 1683 843 1738 des
870 1698 1009 1755 gens
1033 1683 1103 1738 de
1132 1683 1400 1752 Tralnou,
1428 1681 1635 1754 Clechy
1664 1687 1717 1737 et
1747 1687 1936 1737 autres
1959 1681 2125 1747 lieux,
2158 1686 2210 1736 et
2240 1678 2310 1736 de
2339 1680 2393 1736 la
2435 1680 2648 1736 maison

459 1778 534 1833 de
563 1779 621 1834 la
650 1777 934 1835 Gervaise.

711 1944 904 2015 (copie
934 1941 1321 1998 defectnense.
1352 1939 1498 1998 Bibl.
1531 1940 1849 2012 d’Orleans,
1881 1957 1988 1997 ms.
2014 1940 2159 1998 552:
2193 1938 2343 2008 389).

483 2183 845 2277 Philippus,
911 2186 1028 2255 Dei
1077 2182 1289 2276 gracia
1353 2189 1757 2256 Francorum
1825 2207 1955 2256 rex.
2012 2181 2316 2255 Noverint
2373 2180 2652 2254 universi

392 2312 734 2393 presentes
776 2299 1012 2389 pariter
1057 2311 1120 2369 et
1160 2298 1354 2369 futuri
1406 2300 1577 2389 quod
1620 2297 1981 2369 Willelmus
2043 2301 2121 2369 de
2182 2299 2460 2388 Capella,
2518 2320 2652 2369 ser·

393 2412 579 2485 viens
614 2425 860 2495 noster,
904 2414 984 2483 de
1010 2414 1310 2483 mandato
1339 2425 1562 2482 nostro
1604 2409 2286 2502 fecitinquisitionem‚
2314 2413 2650 2502 perbonos

391 2539 455 2599 et
493 2524 825 2612 legitimos
850 2524 1049 2609 viros,
1079 2523 1233 2616 quid
1269 2523 1433 2616 juris
1471 2522 1823 2616 capitulum
1851 2527 2084 2594 Sancte
2111 2521 2331 2595 Crucis
2363 2522 2651 2594 Aurelia-

391 2639 622 2713 nensis
656 2653 720 2710 et
758 2637 1054 2710 homines
1081 2637 1179 2710 sui
1211 2641 1522 2710 haberent
1559 2642 1630 2708 in
1672 2636 2044 2710 nemoribus
2075 2639 2241 2723 suis,
2289 2637 2395 2729 qui
2429 2635 2652 2708 dicun-

391 2770 493 2826 tur
545 2775 814 2827 nemora
855 2757 1088 2827 Sancte
1125 2752 1370 2837 CruciS,
1414 2751 1477 2824 in
1538 2751 1773 2844 quibus
1839 2755 2053 2825 solent
2112 2774 2341 2844 capere
2396 2774 2650 2824 nemus.

392 2868 664 2963 Capiant
695 2873 817 2939 hoc
859 2870 1051 2940 modo
1093 2870 1264 2959 quod
1292 2866 1646 2939 canonicus
1676 2871 1909 2938 Sancte
1934 2865 2181 2953 Crucis,
2223 2868 2330 2957 qui
2359 2869 2653 2938 residens

389 2982 510 3056 erit
552 2983 624 3052 in
682 2982 956 3054 ecclesia
998 2986 1231 3054 Sancte
1292 2982 1534 3068 Crucis,
1581 2980 1855 3073 singulis
1911 2980 2098 3052 annis
2159 2979 2224 3051 in
2284 2980 2651 3053 nemoribus

391 3094 707 3190 predictis
745 3098 951 3188 capiet
988 3098 1433 3167 tantummodo
1480 3100 1583 3165 XX
1630 3092 2038 3187 quadrigatas
2089 3093 2455 3187 lignorum;
2508 3119 2649 3187 per·

390 3235 552 3284 sona
597 3232 746 3282 vero
783 3212 1077 3303 ejusdem
1115 3209 1391 3282 ecclesie
1420 3232 1545 3300 que
1595 3211 1658 3279 in
1699 3209 1973 3280 ecclesia
2014 3208 2305 3280 residens
2344 3209 2465 3280 erit
2521 3212 2651 3280 sin-

389 3327 561 3418 gulis
614 3323 799 3396 annis
839 3323 905 3394 in
948 3325 1317 3396 nemoribus
1371 3321 1673 3414 predictis
1734 3322 1943 3415 capiet
2006 3326 2446 3395 tantummodo
2498 3327 2653 3394 XXX

391 3437 807 3531 quadrigatas
849 3439 1191 3530 lignorum,
1227 3452 1489 3529 excepta
1520 3436 1830 3528 quadriga
1871 3439 2124 3523 decani,
2195 3451 2376 3510 etc...
2441 3437 2654 3508 Homi-

392 3576 511 3626 nes
552 3555 638 3623 de
693 3550 910 3634 Trino,
954 3554 1032 3622 de
1075 3549 1312 3642 Clychi,
1359 3552 1438 3622 de
1474 3553 1773 3637 Bai-bero,
1805 3554 1884 3622 de
1914 3554 2108 3637 Maso,
2144 3554 2223 3622 de
2255 3554 2434 3623 Bessi
2470 3565 2534 3623 et
2572 3554 2654 3624 de

392 3665 678 3739 Assartis
709 3679 967 3738 sument
1007 3688 1235 3737 nemus
1275 3679 1598 3736 mortuum
1636 3668 1714 3736 ad
1754 3667 2107 3736 ardendum
2150 3665 2214 3735 in
2246 3668 2444 3738 bosco
2474 3666 2644 3758 capi-

393 3780 540 3866 tuli,
577 3793 645 3851 et
670 3803 796 3851 non
847 3779 1098 3871 possint
1129 3783 1400 3851 vendere
1431 3802 1638 3871 neque
1669 3782 1846 3863 dare,
1880 3793 1942 3850 et
1964 3778 2027 3849 in
2080 3802 2340 3851 nemore
2390 3782 2650 3852 Camaut

396 3898 578 3966 furca
595 3898 840 3966 etsesta
871 3897 1301 3965 etlechevron
1337 3896 1685 3985 charperes
1725 3897 1897 3984 (sic),
1921 3908 1986 3964 et
2026 3896 2239 3985 palum
2274 3894 2646 3986 pugillarem

395 4022 461 4079 et
487 4008 703 4079 vimen
742 4010 821 4079 ad
847 4010 1282 4080 claudendum
1314 4020 1418 4092 ;et
1445 4021 1574 4078 tres
1616 4007 1929 4078 forestarii
1949 4010 2029 4078 de
2050 4007 2281 4079 Trieno
2308 4010 2388 4078 de
2430 4031 2651 4080 nemo-

399 4123 582 4194 ribus
613 4120 872 4214 capituli
913 4124 1064 4192 dare
1116 4134 1421 4213 poterunt
1480 4143 1709 4192 nemus
1763 4136 2083 4192 mortuum
2126 4126 2202 4193 ad
2240 4145 2506 4193 censum
2548 4125 2650 4193 cui

402 4238 767 4321 voluerint3
810 4250 874 4307 et
912 4234 1210 4306 homines
1241 4239 1321 4306 de
1354 4235 1517 4306 villis
1550 4234 1858 4326 predictis
1891 4257 2019 4306 non
2070 4247 2369 4327 poterunt
2424 4259 2653 4327 capere

404 4372 639 4421 nemus
677 4352 819 4421 sine
853 4351 1189 4421 forestario
1254 4351 1331 4420 de
1371 4349 1590 4434 Trium,
1633 4352 1937 4421 Renaudo
1969 4349 2247 4421 Limaux.
2281 4354 2524 4421 Domus
2575 4353 2654 4422 de

408 4464 709 4534 Gervasia
748 4476 815 4534 et
854 4476 1192 4534 manentes
1231 4463 1295 4533 in
1331 4484 1403 4535 ea
1435 4462 1690 4553 capient
1727 4462 2033 4555 quidquid
2067 4463 2499 4534 necessarium
2537 4462 2656 4533 erit

408 4578 488 4647 ad
530 4578 880 4649 ardendum
920 4592 985 4649 et
1032 4579 1488 4669 hospitandum
1538 4577 1600 4648 in
1649 4601 1919 4671 corpore
1960 4580 2191 4649 domus
2230 4591 2294 4649 et
2332 4576 2654 4667 hospitum

413 4712 643 4763 nemus
676 4706 1027 4763 mortuum.
1063 4694 1249 4778 Quod
1299 4707 1368 4763 ut
1408 4706 1788 4784 perpetuum
1829 4695 2024 4762 robur
2062 4693 2347 4763 obtineat
2393 4712 2656 4786 presen-

598 4835 737 4892 usu.
776 4848 906 4890 xxx.
1322 4871 1329 4879 -
2417 4831 2485 4887 14
