3485 5571
1448 680 1744 744 -279—

433 810 808 903 Ligeritum‚
850 823 1186 903 prenotato
1225 808 1504 902 capitulo
1526 810 1857 880 habendas
1896 806 1963 879 in
2003 821 2382 899 perpetuum
2410 806 2495 880 ita
2521 831 2679 880 eon-

439 926 587 1010 tuli,
615 928 787 1017 quod
831 928 911 997 de
959 924 1376 1018 proventibus
1400 925 1778 995 eorumdem
1808 921 1874 992 in
1904 919 2340 993 anniversario
2380 945 2523 994 meo
2565 946 2689 994 una

441 1041 782 1122 medieta8‚
820 1053 885 1111 et
904 1038 968 1109 in
995 1039 1431 1111 anniversario
1466 1035 1751 1109 defuncti
1784 1035 2021 1107 Anselli
2052 1038 2264 1107 fratris
2292 1036 2415 1107 mei
2447 1036 2689 1129 reliqua

441 1154 760 1226 medietas
799 1153 1129 1226 canonicis
1179 1154 1525 1225 dividetur.
1583 1153 1771 1236 Quod
1826 1162 1897 1221 ut
1932 1162 2137 1221 ratum
2177 1163 2241 1221 et
2284 1164 2508 1223 notum
2550 1175 2694 1245 per-

440 1281 707 1340 maneat
733 1282 1067 1361 presentes
1093 1269 1334 1340 litteras
1362 1266 1555 1358 sigilli
1583 1266 1708 1339 mei
1750 1283 2073 1341 caractere
2101 1272 2416 1342 roboravi.
2458 1274 2689 1341 Datum

440 1405 619 1454 anno
657 1381 859 1475 gratie
886 1386 1039 1455 MCC
1079 1380 1384 1455 vicesimo
1421 1379 1653 1473 primo.

1338 1748 1341 1751 ’
1394 1742 1747 1811 CLXXXIX

1346 2027 1612 2090 Janvier
1640 2025 1796 2088 1221

443 2284 635 2340 Eudes
667 2281 883 2352 Borrel‚
912 2281 1176 2351 seigneur
1205 2281 1275 2336 de
1316 2280 1662 2351 Gourtalain‚
1707 2279 1852 2336 vend
1881 2281 1914 2336 a
1959 2280 2356 2338 Seium-Oroix
2399 2299 2493 2340 ses
2520 2283 2700 2339 dlmes

1001 2380 1070 2433 de
1097 2377 1396 2434 Fontaines
1422 2394 1568 2448 pour
1590 2376 1696 2434 550
1724 2378 1892 2435 livres
1917 2380 2142 2452 parisis.

580 2524 755 2597 (Oris.
789 2541 836 2580 s.
869 2524 1062 2597 pareh.
1094 2524 1266 2580 Areh.
1301 2522 1379 2579 du
1405 2523 1612 2594 Loiret,
1642 2522 1708 2579 G.
1741 2523 1886 2596 3253
1929 2524 2184 2583 mention
2213 2523 2570 2599 Scriptum.)

538 2768 673 2860 Ego
734 2768 876 2837 Odo
925 2767 1281 2850 Borrellus‚
1344 2763 1647 2837 dominus
1695 2768 1779 2838 de
1838 2766 2186 2852 Cortalain,
2256 2781 2480 2841 notum
2535 2769 2704 2842 facio

447 2880 759 2954 omnibus
797 2893 926 2950 tam
965 2879 1374 2971 presentibus
1420 2891 1613 2970 quam
1657 2881 1887 2951 futuris
1928 2894 2263 2973 presentes
2295 2884 2540 2956 litteras
2566 2884 2702 2956 ins-

449 2991 739 3089 pecturis
798 2995 967 3085 quod
1017 3009 1138 3085 ego
1163 3006 1359 3064 totam
1397 2994 1798 3066 decimam...
1840 2995 2137 3083 (Comme
2195 3000 2260 3067 la
2320 3000 2422 3069 ch.
2492 2999 2696 3083 CXC,

446 3113 727 3182 mutatis
762 3111 1123 3194 mutandis,
1167 3111 1330 3198 saus
1353 3132 1371 3178 :
1405 3111 1467 3200 a)
1499 3113 1664 3180 deest
1687 3123 1754 3182 et
1778 3114 2015 3203 una)...
2048 3116 2254 3198 Quam
2281 3114 2700 3185 donationem

448 3239 511 3297 et
573 3225 998 3296 elemosinam
1057 3221 1419 3314 supradicta
1472 3226 1802 3316 Margarita
1840 3239 1995 3297 uxot·
2048 3245 2192 3297 mea
2234 3225 2431 3297 volult
2468 3240 2534 3299 et
2572 3219 2701 3300 lide

447 3340 666 3410 media
718 3338 1087 3409 concedens
1125 3336 1399 3407 libenter
1433 3355 1510 3408 ae
1550 3337 1894 3410 liberaliter
1932 3341 2331 3432 approbavit.
2370 3345 2445 3413 Ut
2482 3351 2698 3413 autem

446 3450 672 3523 omnis
741 3453 1110 3543 supradicta
1172 3453 1349 3520 firma
1423 3465 1486 3523 et
1536 3451 1926 3525 inconeussa
1969 3467 2415 3546 permaneant,
2458 3471 2579 3548 ego
2635 3456 2700 3527 in

448 3566 741 3659 ipsorum
810 3564 1253 3636 testimoninm
1308 3577 1374 3635 et
1434 3566 1848 3638 stabilitatem
1891 3582 2228 3660 presentes
2284 3569 2526 3641 litteras
2567 3570 2702 3641 fleri

449 3679 578 3752 feei
622 3691 688 3751 et
728 3678 921 3770 sigilli
962 3680 1089 3749 mei
1130 3678 1488 3750 munimine
1532 3682 1846 3753 roboravi.
1901 3688 2127 3754 Actum
2173 3707 2343 3755 anno
2383 3687 2460 3755 ab
2499 3684 2704 3755 ineat·⁸

449 3791 714 3864 natione
744 3792 999 3863 Domini
1040 3793 1194 3862 MCC
1232 3791 1565 3878 vicesimo,
1607 3809 1835 3866 mense
1857 3799 2180 3887 januario.
