3485 5571
1368 662 1727 725 —373-

421 791 629 874 Gauii,
701 792 1003 862 videlicet
1066 792 1257 861 talem
1338 790 1720 862 redditum:
1806 789 1869 859 in
1952 788 2233 861 crastino
2307 792 2666 865 Nativitatis

421 905 680 980 Domini
713 902 1127 996 quadraginta
1189 902 1396 973 minas
1456 917 1522 974 et
1573 902 1901 975 dimidiam
1962 902 2138 975 ordei
2179 907 2256 974 ad
2299 905 2541 977 minam
2592 911 2671 980 de

419 1021 582 1091 Villa
615 1018 820 1102 Gauii,
849 1017 1068 1109 viginti
1101 1031 1166 1089 et
1191 1030 1438 1108 septem
1458 1018 1753 1108 gallinas,
1786 1015 2004 1107 viginti
2030 1030 2095 1088 et
2133 1033 2381 1109 septem
2404 1020 2668 1107 oblitaS,

421 1133 645 1225 viginti
671 1148 736 1204 et
792 1146 1038 1224 septem
1108 1130 1405 1202 denarios
1465 1133 1794 1202 Dunensis
1859 1144 2168 1217 monete;
2249 1134 2314 1202 in
2384 1137 2669 1207 crastino

422 1244 937 1320 Resurrectionis
997 1246 1257 1316 Domini
1306 1258 1437 1315 tres
1491 1245 1735 1316 solidos
1797 1257 1861 1315 et
1934 1258 2208 1335 quatuor
2259 1249 2557 1320 denarios
2606 1263 2670 1320 et

422 1365 685 1433 obolum
728 1357 1051 1431 Dunensis
1102 1374 1411 1441 monete;
1455 1361 1520 1428 in
1577 1359 1678 1429 die
1751 1358 2168 1431 Ascensionis
2222 1360 2475 1431 Domini
2510 1365 2671 1433 duas

416 1490 636 1567 partes
667 1472 974 1544 tredecim
1018 1496 1248 1563 panum
1292 1486 1356 1544 et
1385 1471 1673 1555 dimidii;
1705 1486 1770 1543 et
1797 1475 1876 1544 de
1902 1474 2073 1544 dicta
2115 1476 2389 1565 pecunie
2416 1499 2671 1547 summa

426 1589 641 1661 dictus
683 1591 1001 1661 Hubertus
1063 1609 1279 1659 coram
1334 1589 1527 1657 nobis
1566 1610 1637 1659 se
1689 1589 1898 1658 tenuit
1962 1587 2208 1679 integre
2258 1612 2373 1680 pro
2413 1605 2668 1681 pagato.

426 1708 601 1775 Hanc
642 1716 856 1774 autem
895 1700 1330 1774 venditionem
1383 1701 1681 1792 promisit
1732 1701 1902 1772 idem
1947 1704 2269 1773 Hubertus
2297 1726 2368 1773 se
2397 1705 2676 1794 garanti-

423 1833 639 1890 turum
680 1832 903 1889 contra
933 1838 1161 1888 omnes
1191 1818 1268 1886 ad
1311 1838 1470 1885 usus
1507 1829 1571 1885 et
1600 1815 2117 1887 consuetudines
2155 1817 2672 1901 Aurelianenses,

426 1935 552 2003 fide
574 1935 654 2003 ab
694 1932 835 2023 ipso
865 1933 1143 2002 Huberto
1172 1930 1234 1999 in
1270 1952 1463 2000 manu
1500 1941 1717 2000 nostra
1761 1951 1955 2021 super
1992 1934 2115 2001 hoc
2156 1931 2418 2022 prestita
2450 1955 2676 2024 corpo-

423 2045 567 2129 rali,
639 2058 704 2118 et
764 2047 937 2136 quod
997 2068 1116 2115 nec
1179 2067 1292 2134 per
1354 2065 1423 2113 se
1479 2065 1599 2114 nec
1632 2065 1747 2134 per
1780 2043 1974 2114 alium
2016 2044 2233 2117 venire
2274 2046 2676 2137 aliquatenus

427 2159 859 2250 attemptabit.
901 2159 1370 2230 vendicionem
1454 2179 1603 2227 vero
1669 2156 2054 2246 premissam
2137 2163 2670 2231 Archembaudus

425 2273 616 2345 miles
665 2287 730 2344 et
777 2272 1082 2364 magister
1126 2273 1504 2343 Guillelmus
1557 2271 1842 2356 Abbatis,
1886 2271 2185 2356 clericus,
2249 2275 2481 2345 fratres
2522 2273 2673 2345 dicti

425 2391 721 2469 Huberti,
792 2389 1153 2468 voluerunt,
1219 2387 1636 2456 laudaverunt
1709 2406 1927 2457 coram
1988 2384 2176 2457 nobis
2232 2401 2297 2458 et
2370 2387 2676 2479 quicquid

416 2502 584 2593 juris
618 2503 936 2572 habebant
971 2501 1067 2571 vei
1107 2501 1342 2570 habere
1372 2512 1666 2589 poterant
1692 2497 1756 2568 in
1798 2497 1989 2571 dictis
2024 2502 2217 2570 rebus
2243 2500 2523 2572 venditis
2566 2523 2679 2591 per

424 2618 620 2686 fidem
660 2637 841 2686 suam
881 2613 945 2683 in
997 2635 1188 2684 mauu
1252 2626 1473 2683 nostra
1515 2610 1846 2702 prestitam
1910 2612 2295 2704 supradictis
2329 2616 2574 2686 decano
2614 2629 2679 2686 et

424 2730 707 2822 capitqu
759 2730 824 2798 in
890 2740 1272 2820 perpetuum
1336 2725 1766 2817 quitaverunt,
1834 2726 2283 2818 promittentes
2340 2751 2452 2820 per
2504 2730 2677 2801 dicte

425 2843 574 2915 fidei
616 2844 936 2914 dationem
987 2864 1058 2913 se
1112 2856 1335 2912 contra
1392 2840 1746 2933 predictam
1802 2840 2238 2913 venditionem
2281 2856 2345 2913 et
2371 2842 2681 2934 quitatio-

425 2982 574 3031 nem
602 2981 717 3049 per
754 2979 825 3028 se
879 2959 974 3027 vei
1017 2977 1132 3047 per
1184 2958 1388 3026 alium
1444 2957 1745 3026 decetero
1786 2978 1915 3027 non
1947 2970 2276 3026 venturos.
2314 2960 2679 3049 Stephanus

424 3093 578 3144 vero
618 3074 698 3142 de
729 3072 1155 3163 Spesonvilia,
1198 3068 1499 3159 armiger,
1557 3068 1664 3160 qui
1707 3092 1778 3140 se
1832 3068 1988 3141 dicit
2037 3074 2316 3161 primum
2345 3070 2677 3142 dominum

426 3185 597 3257 feodi
651 3184 967 3255 dictarum
1032 3205 1247 3254 rerum
1314 3182 1744 3265 venditarum,
1818 3182 2170 3273 predictam
2248 3182 2680 3256 venditionem

428 3297 653 3381 voluit,
725 3297 1000 3369 laudavit
1061 3311 1126 3367 et
1181 3296 1508 3368 concessit
1574 3319 1791 3369 coram
1864 3297 2077 3379 nobis,
2122 3296 2504 3388 promittens
2559 3301 2681 3369 fide

427 3414 694 3503 prestita
733 3411 796 3481 in
837 3434 1028 3482 manu
1060 3424 1278 3482 nostra
1309 3413 1480 3501 quod
1528 3432 1649 3482 nec
1688 3433 1803 3501 per
1832 3433 1904 3482 se
1931 3433 2051 3482 nec
2082 3432 2192 3502 per
2230 3409 2422 3481 alium
2464 3411 2681 3484 venire

424 3539 649 3597 contra
703 3526 1110 3616 aliquatenus
1169 3524 1601 3616 attemptabit,
1667 3526 1890 3595 volens
1946 3523 2137 3595 etiam
2196 3541 2260 3595 et
2315 3529 2681 3598 concedens

428 3639 600 3711 idem
631 3642 995 3732 Stephanus
1020 3642 1189 3730 quod
1213 3639 1487 3711 ecclesia
1513 3637 1987 3710 Aurelianensis
2025 3640 2348 3730 predictas
2386 3662 2491 3710 res
2530 3662 2681 3710 ven-

428 3755 595 3826 ditas
636 3767 875 3836 teneat,
934 3755 1163 3824 habeat
1208 3766 1271 3824 et
1330 3754 1658 3844 possideat
1716 3752 1782 3822 in
1823 3775 2016 3822 manu
2060 3765 2308 3823 mortua
2346 3754 2416 3822 in
2457 3775 2682 3845 perpe-

429 3883 609 3939 tuum
640 3865 844 3938 libere
870 3881 935 3938 et
968 3866 1207 3957 quiete.
1247 3872 1509 3950 Verum,
1573 3889 1719 3938 cum
1772 3866 2101 3957 predictus
2170 3871 2488 3939 Hubertus
2534 3890 2682 3939 con-

428 3985 643 4053 fessus
727 3982 916 4053 fuerit
985 4003 1196 4052 coram
1257 3982 1447 4051 nobis
1507 3981 1680 4071 quod
1742 3980 1913 4052 dicte
1977 4004 2083 4052 res
2149 3983 2405 4052 vendite
2477 3981 2680 4071 primo

430 4099 574 4167 ioco
627 4109 887 4168 movent
961 4096 1041 4165 de
1111 4097 1301 4167 {eodo
1372 4094 1522 4166 dicti
1595 4094 1925 4186 Stephani,
2004 4097 2293 4167 secundo
2371 4098 2515 4167 loco
2599 4098 2679 4166 de

428 4211 619 4281 feodo
701 4210 963 4280 domine
1011 4207 1320 4280 Beatricis
1371 4211 1449 4279 de
1501 4213 1734 4279 Sancto
1785 4211 2099 4293 Amando‚
2168 4208 2365 4280 tercio
2396 4211 2538 4279 loco
2597 4211 2677 4280 de

430 4327 616 4396 feodo
666 4326 916 4395 Odonis
957 4323 1217 4396 Borrelli
1261 4327 1338 4395 de
1380 4324 1563 4394 Curia
1604 4323 1807 4408 Alani,
1860 4326 2111 4408 militis,
2161 4337 2222 4395 et
2264 4337 2500 4412 quarto.
2533 4327 2676 4395 loco

429 4441 508 4510 de
540 4440 727 4511 feodo
763 4436 996 4509 nobilis
1028 4437 1139 4507 viri
1181 4436 1462 4509 Gaufridi
1505 4437 1901 4510 vicecomitis
1950 4437 2336 4520 Castriduni,
2385 4437 2676 4529 promisit

427 4551 602 4621 idem
646 4554 991 4637 Hubertus,
1062 4575 1173 4643 per
1224 4554 1412 4622 tidem
1477 4575 1661 4622 suam
1720 4550 1783 4621 in
1826 4575 2019 4622 manu
2057 4565 2273 4621 nostra
2313 4550 2669 4641 prestitam,

431 4669 600 4756 quod
641 4669 699 4736 si
757 4665 902 4756 quis
971 4666 1134 4736 alius
1205 4664 1409 4736 dictas
1481 4688 1587 4738 res
1623 4668 1723 4736 vel
1777 4680 2021 4756 partem
2076 4667 2388 4736 dictarum
2459 4688 2671 4736 rerum
