3485 5571
1429 631 1787 696 -105-

1538 1003 1673 1066 LIII

851 1258 940 1319 La
970 1254 1252 1331 Charite,
1291 1254 1389 1339 [28
1418 1271 1597 1318 mars
1629 1252 1780 1318 1171
1818 1252 1856 1316 a
1898 1255 1972 1317 15
2001 1253 2164 1317 avril
2198 1250 2375 1333 1172]

488 1503 654 1560 Louis
681 1503 784 1558 vll
808 1504 1076 1559 confit-me
1103 1506 1152 1558 le
1180 1503 1291 1560 don
1319 1503 1421 1560 fait
1454 1519 1556 1576 par
1600 1503 1851 1577 l’eveque
1896 1503 2190 1559 d’Orleans
2232 1519 2306 1559 au
2348 1503 2594 1577 chapitre
2645 1505 2716 1560 de

558 1600 624 1656 15
650 1599 818 1655 livres
846 1599 916 1656 de
946 1616 1157 1655 revenu
1184 1617 1279 1656 sur
1309 1601 1393 1656 les
1421 1600 1701 1657 oblatione
1724 1616 1796 1656 au
1816 1600 1952 1672 j0ur
1976 1599 2355 1656 anniversaire
2383 1601 2453 1657 de
2484 1602 2539 1656 la
2562 1601 2719 1658 reine

520 1713 527 1722 ·
558 1697 867 1754 constance
903 1700 960 1754 et
986 1713 1060 1753 au
1089 1698 1229 1753 sien.

648 1868 825 1940 (Orig.
856 1868 1030 1924 Arch.
1062 1867 1138 1923 du
1169 1867 1358 1923 Loiret
1385 1868 1454 1925 G.
1485 1868 1588 1924 257
1607 1867 1648 1923 ¹.
1679 1898 1751 1909 -
1779 1868 1950 1940 Copie
1994 1868 2064 1923 de
2105 1868 2326 1936 Bnluze,
2359 1888 2418 1942 p.
2449 1869 2568 1941 66).

877 1966 1046 2032 (Pub.
1077 1964 1374 2037 d'Achery.
1401 1964 1808 2037 Sphikqium,
1856 1973 1897 2023 t.
1925 1967 2072 2033 VIII,
2102 1982 2155 2037 p.
2192 1967 2338 2039 197).

768 2179 1162 2226 CONquA'rto
1191 2181 1468 2225 LUDOVICI
1498 2180 1671 2224 REGIS
1702 2180 1892 2225 SUPER
1918 2183 2241 2233 QmNDEcnt
2272 2183 2455 2226 LIBRIS

1237 2287 1641 2331 PERCII‘IENDIS
1671 2285 1734 2330 IN
1768 2286 1971 2331 CALICE

578 2476 645 2541 ln
681 2472 946 2542 nomine
985 2483 1226 2541 sanctae
1256 2481 1319 2541 et
1358 2468 1699 2540 individuae
1718 2470 2052 2541 Trinitatis
2090 2493 2297 2543 amen.
2346 2473 2728 2554 Ludovicus,

492 2584 597 2657 Dei
625 2587 825 2678 gratia
867 2588 1251 2655 Francorum
1293 2607 1423 2670 rex,
1457 2584 1764 2656 omnibus
1802 2586 1869 2655 in
1919 2600 2324 2678 perpetuum.
2375 2585 2587 2678 Regiae
2626 2595 2732 2658 su-

493 2698 819 2770 blimitatis
849 2714 1088 2771 nostrae
1126 2697 1418 2790 deposcit
1447 2698 1728 2771 officium
1769 2713 1839 2770 ut
1880 2723 2026 2787 nos,
2068 2700 2178 2793 qui
2222 2699 2285 2770 in
2319 2702 2483 2773 solio
2550 2701 2730 2795 regni

492 2820 880 2887 Francorum
918 2837 1187 2886 munere
1224 2815 1442 2886 divino
1480 2814 1868 2900 residemus,
1919 2838 2137 2887 amore
2166 2817 2280 2888 Dei
2321 2818 2400 2888 de
2437 2817 2734 2888 ecclesiis

492 2934 612 3001 sub
641 2942 860 3001 nostra
901 2943 1218 3022 potestate
1248 2928 1618 3002 constitutis
1658 2928 1917 3002 solliciti
1949 2933 2183 3013 simne,
2215 2944 2280 3002 et
2335 2929 2390 3002 si
2430 2954 2553 3022 qua
2591 2954 2733 3022 per-

492 3044 670 3115 sonis
693 3042 908 3115 divino
930 3042 1311 3135 mancipatis
1350 3042 1621 3115 servicio
1648 3045 1959 3117 beneficia
1985 3047 2421 3129 conferantur,
2464 3043 2744 3117 maxime*

491 3156 621 3229 illis
669 3180 827 3250 quas
881 3156 1169 3229 karitatis
1217 3181 1291 3230 ac
1346 3156 1791 3230 familiaritatis
1830 3156 2107 3230 brachiis
2160 3158 2371 3230 arcius
2418 3162 2737 3250 amplexa-

494 3299 636 3346 mur
680 3274 1032 3366 benignum
1056 3277 1457 3367 praebeamus
1474 3296 1835 3360 assensum,
1858 3288 1923 3345 et
1947 3297 2028 3345 ne
2045 3298 2352 3365 processu
2373 3289 2734 3367 temporum

493 3390 847 3482 perturbari
880 3402 987 3459 aut
1057 3388 1122 3460 in
1163 3388 1410 3459 irritum
1453 3388 1599 3459 duci
1640 3392 1891 3460 valeant
1937 3388 2191 3481 pietatis
2229 3389 2465 3460 intuitu
2518 3412 2739 3462 cavea-

496 3527 664 3576 mus.
741 3508 971 3574 Notum
1030 3504 1243 3594 itaque
1304 3501 1589 3574 facimus
1636 3502 1955 3575 universis
2007 3517 2132 3573 tam
2224 3507 2454 3575 futuris
2544 3528 2736 3597 quam

494 3618 923 3710 praesentibus
961 3620 1131 3709 quod
1174 3618 1379 3688 fidelis
1432 3640 1506 3688 ac
1559 3617 1868 3689 naturalis
1926 3633 2146 3689 noster
2202 3618 2294 3688 vir
2353 3620 2737 3690 venerabilis

496 3737 843 3815 manasses,
906 3730 1198 3803 ecclesiae
1238 3730 1711 3804 Aurelianensis
1771 3731 2144 3824 episcopm,
2201 3731 2530 3805 canonicis
2572 3732 2732 3818 suiS‚

495 3846 792 3918 videlieet
829 3840 1107 3936 capitulo
1148 3849 1398 3916 Sanctae
1427 3845 1673 3930 Crucis,
1705 3868 1987 3916 annuum
2017 3844 2333 3917 redditum
2367 3848 2734 3938 quindecim

498 3960 801 4032 librarum
845 3962 911 4029 in
942 3957 1375 4030 oblationibus
1406 3963 1624 4050 magni
1663 3957 1879 4030 altaris
1930 3973 1996 4031 et
2027 3959 2251 4032 calicis
2304 3959 2370 4030 in
2441 3959 2744 4032 elemosi-

500 4098 646 4146 nam
688 4086 1062 4166 perpetuam
1103 4074 1362 4143 donavit
1390 4097 1408 4156 ;
1438 4086 1652 4145 certos
1690 4073 1883 4144 etiam
1941 4073 2276 4157 terminos,
2325 4072 2564 4164 quibus
2602 4075 2737 4144 sin-

503 4187 665 4279 gulis
702 4189 892 4259 annis
930 4185 1391 4279 reciperentur,
1439 4186 1804 4278 assignans,
1853 4186 2074 4258 statuit
2108 4204 2175 4259 et
2217 4188 2497 4260 decrevit
2549 4202 2620 4259 ut
2657 4191 2739 4261 de

504 4302 626 4374 illis
665 4300 1038 4392 quindecim
1072 4299 1253 4373 libris
1277 4324 1531 4393 semper
1578 4301 1642 4371 in
1673 4304 1780 4374 die
1811 4302 2233 4374 anniversarii
2291 4305 2499 4374 nostri
2560 4326 2739 4376 sexa-

572 4668 589 4702 ¹
627 4668 804 4729 Scelle
828 4683 930 4727 sur
958 4667 1072 4725 laos
1101 4667 1172 4724 de
1197 4666 1312 4724 soie
1348 4667 1525 4741 jaune
1552 4682 1649 4723 sur
1678 4666 1884 4723 double
1914 4683 2116 4740 queue.
2152 4667 2229 4723 Le
2266 4683 2433 4723 sceau
2471 4682 2737 4741 manque.
