3485 5571
1805 670 2160 735 ——384-

856 795 1211 868 amicabilis
1286 798 1711 889 composicio,
1778 800 1922 870 talis
1989 797 2308 877 videlicet,
2371 800 2542 888 quod
2605 797 2818 869 dictus
2880 801 3100 869 Petrus

856 906 1061 981 dictas
1122 908 1623 983 commandicias
1683 911 1941 1002 penitus
2006 924 2072 981 et
2144 909 2613 1002 imperpetuum
2679 909 2974 1002 quittavit
3033 924 3098 982 et

855 1021 1063 1096 dictos
1115 1023 1411 1096 homines
1462 1038 1525 1096 et
1587 1024 1792 1096 dictas
1851 1025 2123 1096 feminas
2180 1048 2533 1116 eorumque
2588 1047 3007 1096 successores
3043 1039 3103 1095 et

854 1138 1127 1209 heredes
1171 1137 1425 1230 penitus
1460 1152 1525 1210 et
1581 1137 2055 1231 imperpetuum
2119 1136 2391 1209 absolvit
2454 1162 2490 1209 a
2546 1138 2738 1209 ‘dictis
2776 1161 3102 1210 comman-

854 1250 1070 1335 diciis‚
1114 1253 1494 1344 promittens
1536 1275 1649 1344 per
1678 1256 1872 1324 fidem
1913 1275 2094 1325 suam
2125 1266 2347 1324 contra
2390 1251 2672 1344 predicta
2725 1276 2839 1344 per
2894 1275 2967 1324 se
3013 1255 3101 1325 vel

856 1387 968 1457 per
1014 1365 1209 1436 alium
1248 1368 1329 1437 de
1365 1379 1582 1438 cetero
1621 1390 1750 1439 non
1793 1384 2131 1438 venturum
2170 1380 2236 1437 et
2277 1368 2356 1438 de
2396 1368 2681 1457 predicta
2710 1366 3106 1456 quittacione

853 1502 925 1552 se
964 1483 1276 1551 iacturum
1324 1480 1671 1572 legitimam
1713 1484 2069 1573 gai-entiam
2111 1494 2334 1552 contra
2385 1503 2636 1551 omnes.
2684 1484 2856 1551 Hanc
2893 1494 3105 1552 antem

851 1593 1315 1687 quittacionem
1355 1594 1553 1666 voluit
1591 1609 1656 1666 et
1688 1594 2016 1667 concessit
2043 1597 2356 1678 lohanna,
2394 1618 2551 1666 uxor
2578 1592 2730 1665 dicti
2774 1594 2977 1678 Petri,
3002 1616 3108 1685 per

851 1710 1044 1781 fidem
1105 1731 1287 1780 suam
1362 1711 1746 1800 promittens
1804 1732 1876 1781 se
1941 1723 2161 1782 contra
2228 1708 2512 1800 predicta
2573 1732 2701 1780 non
2764 1725 3106 1779 venturum

850 1821 1109 1895 racione
1138 1822 1310 1895 dotis
1348 1826 1449 1895 vel
1490 1823 1772 1895 dotalicii
1813 1846 1928 1895 seu
1962 1822 2246 1915 qualibet
2281 1824 2406 1893 alia
2444 1820 2714 1910 ratione,
2755 1837 2953 1913 prout
2990 1825 3106 1894 hec

849 1936 1065 2009 omnia
1104 1937 1255 2009 dicti
1300 1940 1524 2009 Petrus
1566 1952 1631 2010 et
1668 1941 1810 2029 ejus
1844 1962 2002 2008 uxor
2039 1960 2151 2029 per
2180 1940 2374 2009 fidem
2416 1960 2598 2007 suam
2640 1936 2930 2008 contessi
2963 1951 3111 2007 sunt

850 2075 1065 2124 coram
1107 2050 1319 2122 nobis.
1378 2055 1447 2121 In
1490 2054 1674 2142 cujus
1725 2054 1821 2123 rei
1875 2051 2250 2123 memoriam
2288 2053 2367 2121 ad
2406 2049 2927 2141 requisicionem
2972 2073 3108 2141 par-

849 2166 1018 2239 cium
1063 2181 1401 2256 presentes
1442 2164 1686 2237 litteras
1724 2163 1995 2237 fecimus
2035 2164 2224 2257 sigilli
2276 2162 2476 2236 nostri
2520 2163 2879 2235 munimine
2923 2166 3108 2234 robo-

848 2280 995 2352 rari.
1050 2284 1280 2351 Datum
1325 2302 1493 2351 anno
1534 2278 1790 2350 Domini
1832 2281 1986 2350 MCC
2021 2277 2588 2370 quinquagesimo,
2640 2300 2866 2349 mense
2910 2277 3101 2348 maio.

1779 2654 2176 2730 cccxxxix

1692 2934 1741 2994 N
1750 2934 2061 2995 ovembre
2101 2931 2264 2995 1250

845 3185 1099 3253 Bornage
1131 3199 1230 3255 par
1258 3183 1496 3238 arbitres
1528 3183 1598 3238 de
1627 3183 1683 3238 la
1711 3182 1863 3238 dtme
1883 3181 1959 3238 du
1979 3182 2229 3254 chapitre
2258 3182 2395 3237 dans
2415 3198 2526 3237 une
2551 3183 2707 3255 piece
2735 3182 2805 3236 de
2833 3183 3103 3237 Limoron

1628 3279 1738 3335 dite
1765 3280 1975 3334 Devers
2004 3278 2323 3334 VillemarS.

1315 3423 1491 3493 (Or-ig.
1525 3440 1570 3477 s,
1615 3424 1810 3493 parch.
1841 3422 2014 3478 Arch.
2047 3422 2124 3477 du
2148 3423 2359 3489 Loiret,
2387 3423 2453 3478 G.
2490 3421 2645 3494 373.)

934 3639 1257 3713 Universis
1332 3653 1664 3732 presentes
1738 3619 1982 3711 litteras
2034 3638 2425 3730 inspecturis
2486 3643 2682 3710 frater
2741 3643 3100 3723 lohannes,

845 3754 1107 3826 humilis
1141 3756 1341 3826 abbas
1382 3759 1572 3825 Beate
1610 3752 1798 3824 Marie
1853 3756 1931 3824 de
1980 3757 2283 3844 Josaphat
2312 3751 2752 3838 CarnotensiS,
2793 3767 3099 3844 totusque

847 3872 1134 3961 ejusdem
1177 3869 1300 3940 loci
1339 3884 1694 3940 conventus
1725 3870 1994 3939 salutem
2020 3867 2098 3959 *in
2138 3866 2439 3938 Domino.
2473 3869 2775 3939 Noverint
2813 3867 3099 3939 universi

847 3986 1016 4074 quod
1067 4006 1216 4055 cum
1271 3997 1445 4055 esset
1504 3985 1837 4055 contentio
1876 3983 2047 4053 inter
2086 4004 2205 4053 nos
2244 3995 2306 4053 et
2348 3980 2626 4073 priorem
2680 3994 2976 4054 nostrum
3030 3984 3106 4053 de

847 4103 1187 4189 Lymoron,
1232 4120 1305 4168 ex
1342 4120 1465 4168 una
1511 4111 1710 4188 parte,
1754 4108 1820 4166 et
1858 4092 2260 4166 venerabiles
2291 4093 2461 4167 viros
2498 4099 2812 4167 decanum
2844 4109 2909 4167 et
2941 4092 3108 4185 capi·

847 4214 1053 4282 tulum
1092 4210 1616 4292 AurelianenseS‚
1659 4233 1730 4281 ex
1772 4212 1993 4290 altera,
2038 4231 2232 4300 super
2271 4208 2516 4280 decima
2558 4212 2893 4302 cujusdam
2934 4209 3103 4302 petie

852 4330 1100 4398 culture
1160 4332 1239 4397 de
1304 4330 1645 4417 Lymoron‚
1702 4346 1827 4414 que
1890 4325 2139 4394 cultura
2199 4322 2432 4394 dicitur
2489 4327 2734 4395 cultura
2800 4326 3105 4396 deversus

854 4439 1210 4525 Villemarz,
1276 4453 1339 4511 et
1402 4441 1480 4510 de
1542 4437 1710 4509 dicta
1769 4435 2196 4509 contencione
2255 4435 2792 4528 compromissum
2842 4447 3020 4510 es‘set
3067 4460 3102 4508 a

850 4556 1140 4645 partibus
1174 4555 1237 4624 in
1269 4555 1667 4626 venerabiles
1707 4555 1881 4625 viros
1923 4553 2300 4644 magistrum
2335 4555 2657 4625 Galterum
2699 4557 2779 4625 de
2818 4558 3099 4626 Feuche-

848 4667 1057 4754 toliis,
1128 4669 1655 4741 Aurelianensem
1741 4665 2158 4752 canonicum,
2247 4680 2311 4740 et
2396 4671 2739 4752 Herveum,
2828 4671 3098 4759 priorem
