3485 5571
1737 659 2100 723 ..396-

797 788 1140 858 defendere
1189 799 1411 857 contra
1459 808 1688 859 omnes
1728 787 1920 858 dictis
1958 788 2206 858 decano
2257 796 2322 856 et
2380 782 2661 876 capitulo
2728 782 3038 855 laudatio·

796 922 974 985 nem,
1012 900 1505 973 concessionem
1544 915 1608 972 et
1677 897 2324 972 admortificationem
2362 899 2684 991 predictas
2731 912 3033 989 tanquam

794 1016 1119 1087 secundus
1210 1014 1512 1086 dominus
1597 1014 1781 1087 leudi
1847 1014 2144 1108 predicti.
2239 1017 2534 1085 Preterea
2603 1009 3033 1103 promiserunt

796 1128 949 1200 dicti
1015 1131 1194 1221 Hugo
1259 1142 1324 1200 et
1393 1132 1532 1221 ejus
1600 1152 1755 1201 uxor
1824 1152 1939 1221 per
2013 1127 2248 1199 dictam
2323 1127 2515 1198 fidem
2573 1149 2646 1197 se
2710 1128 3039 1198 refusuros

796 1241 985 1314 dictis
1045 1246 1288 1315 decano
1339 1258 1406 1314 et
1464 1244 1742 1336 capitulo
1818 1244 2033 1315 omnia
2107 1245 2407 1333 dampna,
2463 1241 2800 1333 deperdita
2850 1253 2917 1312 et
2950 1238 3040 1310 in-

794 1369 1040 1429 teresse
1100 1379 1220 1449 pro
1294 1359 1548 1430 delectu
1612 1357 1898 1449 garentie
1982 1370 2048 1429 et
2103 1355 2504 1428 liberationis
2572 1354 3035 1447 predictarum,

797 1470 850 1542 si
923 1471 1266 1564 contigerit
1332 1494 1446 1544 eos
1500 1474 1777 1543 deficere
1832 1471 1898 1542 in
1961 1470 2267 1564 predictis
2327 1472 2427 1543 vel
2481 1468 2692 1560 aliquo
2752 1470 2839 1540 de
2908 1490 3047 1559 pre-

796 1587 990 1659 dictis
1055 1585 1493 1678 garentiendis
1551 1600 1616 1659 et
1690 1586 2067 1671 liberandis,
2144 1599 2211 1658 et
2282 1588 2363 1657 de
2435 1584 2746 1677 predictis
2824 1607 3048 1676 garen-

798 1699 1036 1773 tiendis
1074 1715 1140 1772 et
1165 1699 1514 1773 liberandis
1547 1713 1612 1773 et
1659 1699 2083 1773 defendendis
2123 1700 2436 1773 dederunt
2461 1712 2594 1770 tres
2623 1699 3040 1790 fidejussores

797 1837 1015 1887 coram
1078 1818 1267 1887 nobis
1324 1815 1625 1887 videlicet
1673 1812 2081 1887 Guillelmum
2118 1817 2197 1886 de
2236 1818 2431 1899 Meso,
2484 1811 2775 1896 militem,
2824 1816 3048 1884 Perro-

800 1941 932 2001 tum
971 1935 1281 2015 Serenne‚
1315 1944 1380 2001 et
1410 1928 1818 2000 Guillelmum
1860 1933 2173 2019 Serenne‚
2229 1927 2607 2018 armigeros,
2667 1927 2773 2018 qui
2830 1949 3051 1998 coram

798 2042 987 2114 nobis
1028 2066 1142 2134 per
1171 2045 1364 2114 fidem
1406 2065 1477 2113 se
1537 2039 1785 2134 plegios
1841 2043 2322 2113 constituerunt
2372 2041 2452 2112 ad
2484 2063 2640 2111 usus
2671 2054 2737 2112 et
2772 2061 3052 2111 consue-

797 2154 1060 2226 tudines
1118 2154 1637 2227 Aurelianenses.
1702 2160 1997 2227 Preterea
2065 2154 2499 2247 promiserunt
2544 2151 2696 2225 dicti
2755 2156 2943 2244 Hugo
2991 2165 3054 2224 et

799 2273 1140 2361 Margareta
1210 2293 1321 2362 per
1359 2271 1548 2340 fidem
1604 2292 1675 2341 se
1721 2291 1916 2362 super
1964 2268 2132 2340 dicta
2191 2267 2560 2341 venditione
2620 2288 3053 2339 concessuros

801 2383 1043 2454 litteras
1096 2383 1231 2454 fieri
1283 2387 1403 2455 sub
1456 2382 1667 2474 sigillo
1722 2385 2055 2455 reverendi
2120 2383 2315 2476 patris
2363 2381 2604 2453 domini
2649 2379 3051 2452 Senonensis

808 2496 1304 2590 archiepiscopi,
1341 2501 1437 2569 vel
1477 2500 1620 2588 ejus
1648 2497 1964 2582 officialis,
2017 2510 2083 2569 et
2111 2520 2181 2569 se
2239 2500 2501 2568 daturos
2547 2495 2782 2567 ibidem
2841 2494 3053 2566 dictos

806 2611 1050 2703 plegios
1080 2626 1145 2682 et
1183 2610 1341 2682 alios
1379 2613 1667 2703 ydoneos
1707 2634 1903 2703 super
1931 2613 2234 2683 omnibus
2290 2608 2702 2702 supradictis.
2764 2607 3054 2680 Asseruit

811 2737 1024 2797 autem
1066 2725 1279 2798 dictus
1327 2724 1513 2798 miles
1569 2748 1684 2819 per
1739 2729 2179 2818 juramentum
2238 2749 2428 2797 suum
2480 2746 2552 2798 se
2613 2747 2742 2796 non
2787 2725 3053 2796 credere

801 2844 962 2914 alios
992 2846 1292 2915 dominos
1332 2846 1615 2915 leudales
1652 2866 1801 2915 esse
1826 2842 1889 2914 in
1922 2845 2097 2915 dicto
2124 2845 2384 2915 redditu
2424 2864 2629 2934 usque
2667 2842 2744 2913 ad
2793 2842 3042 2933 capitu-

802 2961 934 3029 lum
973 2957 1451 3043 Aurelianense,
1485 2982 1676 3050 quam
1729 2959 1972 3029 dictum
2011 2962 2368 3030 Jobannem
2410 2960 2489 3030 de
2522 2956 2940 3029 Abbatisvilla
2987 2966 3051 3027 et

806 3075 970 3143 duos
1007 3071 1168 3143 alios
1207 3072 1313 3162 qui
1346 3075 1475 3162 J'am
1524 3071 1756 3144 dictam
1822 3070 2256 3144 venditionem
2318 3073 2736 3143 laudaverunt
2782 3084 2848 3142 et
2889 3091 3043 3141 con-

806 3199 1141 3258 cesserunt
1181 3199 1368 3280 prout
1405 3185 1672 3258 inferius
1713 3185 1966 3277 plenius
2026 3188 2422 3258 continetur.
2472 3187 2769 3257 Preterea
2808 3181 3051 3255 consti-

802 3302 924 3371 tuti
983 3321 1198 3371 coram
1260 3301 1448 3371 nobis
1505 3304 1832 3372 lohannes
1882 3303 1960 3371 de
2024 3302 2244 3385 Belna,
2306 3301 2521 3387 miles,
2582 3312 2649 3370 et
2702 3299 3049 3380 YsabelliS,

806 3417 945 3507 ejus
985 3436 1163 3501 uxor,
1204 3418 1284 3487 de
1312 3417 1496 3507 cujus
1534 3416 1745 3507 capite
1774 3427 1987 3485 movet
2025 3413 2268 3485 dictum
2326 3414 2612 3496 feodum,
2647 3410 2896 3504 primus
2938 3413 3052 3481 do-

809 3528 1023 3600 minus
1046 3531 1340 3621 ejusdem
1389 3527 1591 3612 leudi,
1636 3542 1698 3600 et
1756 3527 2130 3599 Guillelmus
2192 3530 2272 3599 de
2349 3525 2769 3612 Malisberbis,
2841 3526 3053 3596 dictus

812 3640 1116 3725 Grierius,
1150 3655 1215 3713 et
1255 3640 1439 3713 Maria
1477 3645 1618 3733 ejus
1652 3664 1831 3726 uxor,
1882 3642 2118 3713 tercius
2173 3640 2474 3712 dominus
2538 3637 2709 3712 feudi
2755 3637 3051 3731 predicti,

807 3758 886 3826 ad
917 3753 1400 3846 requisitionem
1432 3754 1746 3827 dictorum
1780 3756 2064 3847 Hugonis
2102 3769 2168 3826 et
2218 3761 2561 3847 Margarete
2616 3753 2851 3824 dictam
2888 3774 3048 3824 ven-

814 3869 1121 3941 ditionem
1156 3872 1490 3941 laudantes
1520 3883 1584 3941 et
1621 3869 1960 3961 spontanei
2013 3872 2446 3942 concedentes
2486 3865 2731 3939 dictum
2794 3868 3053 3939 feudum

810 3988 983 4077 quod
1021 3987 1342 4057 habebant
1379 3986 1444 4056 in
1471 3988 1642 4057 dicto
1668 3985 1917 4058 redditu
1960 4008 2175 4058 coram
2213 3985 2401 4057 nobis
2421 3985 3049 4058 admortificaverunt

809 4101 871 4172 in
911 4114 1284 4194 perpetuum
1317 4108 1561 4174 decano
1611 4115 1676 4174 et
1712 4101 1993 4194 capitulo
2019 4100 2427 4193 supradictis,
2462 4100 2914 4194 promittentes
2942 4119 3051 4190 per

813 4219 1002 4288 fidem
1043 4239 1225 4288 suam
1293 4220 1466 4309 quod
1517 4216 1582 4287 in
1638 4215 1812 4288 dicto
1850 4215 2102 4288 redditu
2162 4215 2406 4288 ratione
2450 4215 2626 4288 feudi
2689 4220 2786 4287 vel
2838 4215 3044 4306 aliqua

707 4316 714 4322 ’
811 4330 932 4402 alia
970 4329 1215 4403 ratione
1243 4333 1541 4404 decetero
1573 4355 1686 4424 per
1724 4354 1796 4403 se
1855 4333 1953 4403 vel
2006 4354 2119 4424 per
2160 4331 2353 4402 alium
2406 4330 2655 4402 ratione
2710 4331 2880 4401 dotis
2929 4350 3042 4399 seu

816 4444 1094 4517 dotalicii
1117 4448 1215 4516 vel
1249 4445 1458 4536 aliqua
1481 4448 1602 4517 alia
1632 4444 1881 4517 ratione
1906 4444 2101 4518 nicbil
2144 4459 2365 4538 petent
2390 4467 2511 4517 nec
2540 4457 2759 4537 petere
2790 4458 3052 4534 attemp-

812 4563 1060 4631 tabunt.
1105 4559 1548 4632 promiserunt
1587 4560 1851 4651 insuper
1889 4559 2042 4632 dicti
2079 4563 2406 4631 Jobannes
2446 4562 2525 4631 de
2576 4561 2768 4630 Belua
2807 4570 2869 4630 et
2900 4561 3052 4627 Ysa-

815 4675 1002 4745 bellis
1032 4675 1174 4765 ejus
1216 4697 1370 4745 uxor
1406 4690 1470 4746 et
1500 4674 1713 4746 dictus
1740 4672 2117 4746 Guillelmus
2142 4688 2207 4746 et
2245 4673 2453 4760 Maria,
2483 4676 2625 4765 ejus
2657 4695 2837 4756 uxor,
2883 4669 3048 4762 quod
