3485 5571
1410 675 1724 739 ...59-

450 803 621 876 sibus
652 803 826 875 urbis
887 802 1386 884 Aurelianensis,
1446 827 1609 894 quos
1657 807 1738 876 ad
1807 808 1931 877 hoc
2001 817 2302 897 poterunt
2372 806 2684 891 invenire,

450 917 711 1011 predicti
759 917 1203 991 Archembaldi
1261 920 1615 990 subdecani
1660 921 2033 1010 parentibus
2072 918 2359 991 hominia
2415 921 2677 993 facient.

449 1034 628 1121 Quod
659 1032 713 1103 si
746 1031 1055 1104 Henricns
1086 1036 1205 1104 hoc
1233 1035 1447 1123 jurare
1487 1033 1786 1119 noluerit,
1820 1034 2147 1125 predictus
2183 1036 2530 1106 Gostredus
2563 1039 2686 1107 hoc

450 1170 557 1239 per
582 1169 654 1218 se
695 1145 1116 1217 nihilominus
1154 1144 1342 1218 faciet
1373 1145 1739 1239 adimpleri.
1772 1149 2025 1218 Deinde
2054 1169 2203 1218 vero
2234 1147 2515 1238 proxima
2546 1172 2689 1221 om-

450 1260 621 1332 nium
661 1274 1030 1332 sanctorum
1078 1259 1416 1332 festivitate
1484 1275 1705 1333 nostro
1746 1284 1819 1333 se
1890 1261 2275 1354 conspectui
2358 1276 2690 1355 presenta-

452 1378 626 1460 bunt,
669 1373 1087 1466 penitentiam
1129 1396 1319 1465 quam
1394 1374 1490 1446 eis
1553 1375 1896 1470 injungere
1959 1375 2347 1447 voluerimus
2416 1375 2692 1449 fideliter

449 1490 833 1581 suscepturi,
868 1503 1021 1558 tunc
1048 1510 1161 1580 per
1186 1511 1305 1559 nos
1333 1492 1412 1559 ab
1451 1487 2135 1561 excommunicationis
2184 1489 2439 1562 vinculo
2479 1491 2689 1562 absol·

450 1603 659 1674 vendi.
710 1602 1001 1694 Denique
1033 1605 1312 1695 prefatus
1354 1605 1769 1697 Steph[anus]
1814 1606 2223 1676 subdecanus
2274 1616 2338 1676 et
2390 1606 2690 1699 Sy[mon]

451 1719 816 1810 prepositus
855 1730 1129 1789 mortem
1158 1715 1448 1809 iamdicti
1488 1718 1935 1790 Archembaldi
1987 1721 2330 1791 recolende
2383 1716 2694 1791 memorie

450 1832 657 1903 eidem
721 1833 1032 1902 Gosfredo
1078 1831 1141 1901 in
1209 1844 1564 1923 conspectu
1627 1835 1889 1904 fratrum
1959 1848 2329 1904 nostrorum
2390 1855 2505 1924 pro
2576 1832 2691 1905 Dei

447 1967 665 2017 amore
704 1943 1208 2017 misericorditer
1245 1947 1653 2019 indulserunt
1690 1971 1709 2030 ;
1747 1959 1812 2017 et
1851 1950 1973 2019 hoc
2025 1945 2235 2038 ipsum
2276 1946 2513 2019 facient
2550 1948 2694 2019 aliis

453 2059 791 2146 militibus,
836 2062 1125 2150 ejusdem
1163 2059 1465 2152 Stephani
1506 2059 2051 2146 interfectoribus,
2105 2060 2213 2152 qui
2255 2042 2693 2133 Aurelianensi

450 2173 726 2247 ecclesie
788 2188 853 2245 et
919 2173 1291 2265 parentibus
1355 2173 1669 2246 interfecti
1751 2175 2173 2246 satisfaciant.
2245 2179 2694 2248 Verumtamen

450 2289 571 2380 ipsi
601 2310 832 2360 omnes
869 2285 1125 2359 interim
1158 2297 1336 2359 extra
1389 2287 1728 2359 ecclesiam
1762 2302 1828 2360 et
1877 2287 1941 2358 in
1984 2288 2334 2381 penitentia
2374 2303 2587 2376 erunt,
2632 2302 2698 2360 et

314 2406 334 2420 “
450 2406 503 2474 si
546 2425 740 2495 quem
779 2425 1000 2474 eorum
1032 2405 1110 2473 ad
1139 2416 1492 2474 extremum
1533 2405 1659 2474 vite
1698 2402 1936 2488 venire,
1980 2403 2342 2495 contigerit,
2400 2420 2465 2476 et
2506 2408 2695 2477 abso-

450 2518 609 2588 lutio
650 2520 728 2587 ab
763 2516 1429 2588 excommunicatione
1462 2529 1527 2587 et
1587 2516 1885 2588 viaticum
1925 2540 2054 2589 non
2095 2521 2457 2608 negabitur.
2509 2521 2696 2591 Volu-

449 2655 597 2703 mus
627 2645 841 2702 autem
885 2645 952 2701 ut
1005 2654 1119 2724 pro
1176 2631 1303 2715 his,
1365 2629 1475 2722 qui
1533 2631 1840 2703 Ecclesiae
1905 2631 2354 2717 satisfecerint,
2416 2633 2695 2706 Aurelia-

453 2746 678 2820 nensis
708 2747 981 2820 ecclesia
1015 2746 1282 2820 ulterius
1319 2747 1608 2820 adivinis
1664 2771 1795 2820 non
1858 2759 2073 2821 cesset
2133 2747 2384 2820 officiis.
2451 2746 2516 2820 Si
2585 2745 2693 2839 qui

449 2875 668 2934 autem
709 2865 790 2933 de
823 2862 1071 2933 eisdem
1112 2861 1634 2936 interfectoribus
1674 2886 1746 2935 se
1775 2866 1855 2934 ab
1891 2862 2031 2954 ipsa
2069 2861 2506 2935 satisfactione
2543 2866 2697 2934 sub-

453 2975 785 3060 traxerint,
851 2979 1059 3049 donec
1109 2976 1173 3047 in
1230 2990 1396 3048 terra
1456 2980 1536 3049 de
1594 2976 1853 3070 speciali
1921 2975 2207 3049 dominio
2244 2975 2506 3068 gloriosi
2588 2976 2695 3048 filii

452 3090 659 3162 nostri
686 3090 1036 3184 Lud[ovici]
1068 3095 1452 3164 Francorum
1483 3091 1682 3183 regis,
1714 3091 1778 3161 in
1807 3094 1952 3183 ipso
1984 3089 2423 3163 Aurelianensi
2445 3090 2700 3182 episco-

454 3218 606 3297 patu
651 3203 1023 3289 manserint,
1089 3217 1220 3276 tota
1271 3198 1496 3275 civitas
1542 3220 1605 3276 et
1665 3203 2222 3276 archidiaconatus
2271 3204 2575 3296 Stephani
2618 3207 2698 3277 de

456 3320 770 3390 Garlanda
799 3341 1002 3409 usque
1039 3320 1117 3388 ad
1157 3341 1380 3391 eorum
1430 3319 1930 3391 satisfactionem
1984 3340 2020 3388 a
2075 3317 2307 3390 divinis
2347 3332 2525 3391 vacet
2563 3322 2701 3391 olfi-

400 3511 407 3520 ,
454 3433 602 3505 ciis.
633 3434 909 3523 Ideoque
949 3432 1362 3504 sollicitudini
1402 3446 1614 3505 vestre
1655 3435 2037 3503 mandamus
2114 3446 2210 3518 ut,
2273 3431 2419 3524 quia
2495 3445 2701 3507 status

457 3565 650 3622 terrae
688 3549 901 3620 notior
930 3548 1111 3620 vobis
1150 3546 1383 3631 existit,
1450 3551 1530 3619 de
1573 3550 1765 3620 modo
1825 3547 2283 3620 satisfactionis
2330 3561 2395 3619 et
2453 3551 2702 3620 absolu-

458 3667 638 3736 tione
677 3661 994 3747 ecclesiae,
1036 3686 1179 3754 quae
1217 3666 1337 3733 sub
1366 3662 1708 3735 interdicto
1749 3674 2028 3747 tenetur,
2087 3661 2221 3734 vice
2283 3674 2499 3734 nostra
2558 3685 2701 3754 pro-

458 3776 677 3850 videre
698 3776 961 3850 curetis.
1004 3782 1163 3849 Data
1197 3776 1386 3862 Pisis,
1428 3780 1504 3849 Vl
1545 3776 1689 3848 idus
1706 3775 1979 3869 januarii
2005 3780 2025 3818 ¹

535 4422 556 4457 ¹
611 4421 730 4477 Une
776 4420 935 4492 copie
983 4418 1255 4475 d’Hubert
1310 4420 1464 4488 (coll.
1512 4419 1692 4490 Jarry)
1751 4420 1976 4490 ajoute:
2029 4436 2058 4474 ι
2121 4419 2302 4475 Selloe
2357 4435 2427 4474 en
2480 4417 2710 4491 plomb:

467 4511 621 4569 INN.
679 4510 731 4566 11
797 4509 929 4565 d’un
986 4511 1137 4565 coste
1186 4529 1200 4579 ;
1269 4508 1340 4564 de
1387 4509 1587 4564 l'autre
1643 4509 1965 4565 SANCTUS
2030 4508 2313 4565 PAULUS
2379 4506 2711 4567 SANCTUS

468 4600 751 4657 PETRUS
782 4617 832 4655 ι.
863 4631 932 4639 -
979 4599 1150 4671 Copie
1192 4598 1263 4653 de
1294 4598 1532 4656 Baluze;
1585 4617 1614 4653 ι
1655 4599 1725 4653 V.
1763 4598 1925 4670 epist.
1959 4599 2016 4654 S.
2050 4599 2322 4655 Ber-nardi
2352 4597 2447 4653 161
2483 4603 2533 4652 et
2561 4595 2713 4651 Petri

469 4688 823 4756 venerabilis,
856 4688 948 4745 lib.
978 4691 1015 4742 2
1042 4704 1130 4759 ep.
1161 4687 1230 4743 17
1273 4707 1329 4746 ι.
