<?xml version="1.0" encoding="UTF-8"?>
<!DOCTYPE html PUBLIC "-//W3C//DTD XHTML 1.0 Transitional//EN"
    "http://www.w3.org/TR/xhtml1/DTD/xhtml1-transitional.dtd">
<html xmlns="http://www.w3.org/1999/xhtml" xml:lang="en" lang="en">
 <head>
  <title>
</title>
<meta http-equiv="Content-Type" content="text/html;charset=utf-8" />
  <meta name='ocr-system' content='tesseract 3.04.00' />
  <meta name='ocr-capabilities' content='ocr_page ocr_carea ocr_par ocr_line ocrx_word'/>
</head>
<body>
  <div class='ocr_page' id='page_1' title='image "./cartulairedesai00thilgoog_0372.png"; bbox 0 0 3485 5571; ppageno 0'>
   <div class='ocr_carea' id='block_1_1' title="bbox 1775 638 2128 701">
    <p class='ocr_par' dir='ltr' id='par_1_1' title="bbox 1775 638 2128 701">
     <span class='ocr_line' id='line_1_1' title="bbox 1775 638 2128 701; baseline 0 -16"><span class='ocrx_word' id='word_1_1' title='bbox 1775 638 2128 701; x_wconf 72' lang='lat'><strong>-202-</strong></span> 
     </span>
    </p>
   </div>
   <div class='ocr_carea' id='block_1_2' title="bbox 729 766 3080 3255">
    <p class='ocr_par' dir='ltr' id='par_1_2' title="bbox 729 766 3080 3255">
     <span class='ocr_line' id='line_1_2' title="bbox 828 766 3069 862; baseline -0.002 -18"><span class='ocrx_word' id='word_1_2' title='bbox 828 792 938 844; x_wconf 87' lang='lat' dir='ltr'><strong>cas</strong></span> <span class='ocrx_word' id='word_1_3' title='bbox 974 769 1226 862; x_wconf 83' lang='lat' dir='ltr'><strong>argenti</strong></span> <span class='ocrx_word' id='word_1_4' title='bbox 1260 766 1528 839; x_wconf 86' lang='lat' dir='ltr'><strong>firmiter</strong></span> <span class='ocrx_word' id='word_1_5' title='bbox 1592 766 2021 860; x_wconf 83' lang='lat' dir='ltr'>promisisset,</span> <span class='ocrx_word' id='word_1_6' title='bbox 2062 790 2333 859; x_wconf 86' lang='lat' dir='ltr'><strong>quarum</strong></span> <span class='ocrx_word' id='word_1_7' title='bbox 2391 793 2463 841; x_wconf 90' lang='lat' dir='ltr'><strong>se</strong></span> <span class='ocrx_word' id='word_1_8' title='bbox 2537 767 2923 861; x_wconf 88' lang='lat' dir='ltr'><strong>B[ucardus]</strong></span> <span class='ocrx_word' id='word_1_9' title='bbox 2961 790 3069 860; x_wconf 94' lang='lat' dir='ltr'><strong>pro</strong></span> 
     </span>
     <span class='ocr_line' id='line_1_3' title="bbox 825 881 3071 978; baseline -0.002 -21"><span class='ocrx_word' id='word_1_10' title='bbox 825 897 1056 978; x_wconf 89' lang='lat' dir='ltr'><strong>patruo</strong></span> <span class='ocrx_word' id='word_1_11' title='bbox 1094 907 1212 956; x_wconf 90' lang='lat' dir='ltr'><strong>suo</strong></span> <span class='ocrx_word' id='word_1_12' title='bbox 1251 885 1669 976; x_wconf 82' lang='lat' dir='ltr'><strong>principalem</strong></span> <span class='ocrx_word' id='word_1_13' title='bbox 1713 881 2048 954; x_wconf 89' lang='lat' dir='ltr'><strong>constituit</strong></span> <span class='ocrx_word' id='word_1_14' title='bbox 2075 883 2141 954; x_wconf 90' lang='lat' dir='ltr'><strong>in</strong></span> <span class='ocrx_word' id='word_1_15' title='bbox 2174 883 2453 976; x_wconf 88' lang='lat' dir='ltr'><strong>capitulo</strong></span> <span class='ocrx_word' id='word_1_16' title='bbox 2494 881 2877 966; x_wconf 81' lang='lat' dir='ltr'><strong>debitorem,</strong></span> <span class='ocrx_word' id='word_1_17' title='bbox 2912 881 3071 953; x_wconf 91' lang='lat' dir='ltr'><strong>sicut</strong></span> 
     </span>
     <span class='ocr_line' id='line_1_4' title="bbox 827 993 3068 1092; baseline -0.001 -24"><span class='ocrx_word' id='word_1_18' title='bbox 827 996 1083 1091; x_wconf 84' lang='lat' dir='ltr'><strong>plurimi</strong></span> <span class='ocrx_word' id='word_1_19' title='bbox 1126 1011 1330 1092; x_wconf 84' lang='lat' dir='ltr'><strong>testes</strong></span> <span class='ocrx_word' id='word_1_20' title='bbox 1404 1009 1467 1068; x_wconf 94' lang='lat' dir='ltr'><strong>et</strong></span> <span class='ocrx_word' id='word_1_21' title='bbox 1521 993 1696 1067; x_wconf 93' lang='lat' dir='ltr'><strong>omni</strong></span> <span class='ocrx_word' id='word_1_22' title='bbox 1755 994 2133 1087; x_wconf 80' lang='lat' dir='ltr'><strong>exceptione</strong></span> <span class='ocrx_word' id='word_1_23' title='bbox 2184 998 2461 1088; x_wconf 83' lang='lat' dir='ltr'><strong>majores</strong></span> <span class='ocrx_word' id='word_1_24' title='bbox 2518 1018 2735 1067; x_wconf 86' lang='lat' dir='ltr'><strong>coram</strong></span> <span class='ocrx_word' id='word_1_25' title='bbox 2799 994 3068 1066; x_wconf 90' lang='lat' dir='ltr'><strong>Domino</strong></span> 
     </span>
     <span class='ocr_line' id='line_1_5' title="bbox 829 1107 3069 1202; baseline -0.002 -20"><span class='ocrx_word' id='word_1_26' title='bbox 829 1108 1209 1182; x_wconf 89' lang='lat' dir='ltr'><strong>Bituricensi</strong></span> <span class='ocrx_word' id='word_1_27' title='bbox 1258 1122 1324 1183; x_wconf 91' lang='lat' dir='ltr'><strong>et</strong></span> <span class='ocrx_word' id='word_1_28' title='bbox 1353 1109 1569 1196; x_wconf 88' lang='lat' dir='ltr'><strong>nobis,</strong></span> <span class='ocrx_word' id='word_1_29' title='bbox 1611 1108 1988 1201; x_wconf 90' lang='lat' dir='ltr'><strong>juramentis</strong></span> <span class='ocrx_word' id='word_1_30' title='bbox 2035 1108 2349 1202; x_wconf 90' lang='lat' dir='ltr'><strong>prestitis,</strong></span> <span class='ocrx_word' id='word_1_31' title='bbox 2408 1112 2858 1202; x_wconf 86' lang='lat' dir='ltr'><strong>probaverunt.</strong></span> <span class='ocrx_word' id='word_1_32' title='bbox 2896 1111 2942 1179; x_wconf 87' lang='lat' dir='ltr'>E</span> <span class='ocrx_word' id='word_1_33' title='bbox 2978 1107 3069 1178; x_wconf 89' lang='lat' dir='ltr'><strong>di-</strong></span> 
     </span>
     <span class='ocr_line' id='line_1_6' title="bbox 835 1220 3062 1308; baseline -0.002 -12"><span class='ocrx_word' id='word_1_34' title='bbox 835 1247 1048 1308; x_wconf 84' lang='lat' dir='ltr'><strong>verso‚</strong></span> <span class='ocrx_word' id='word_1_35' title='bbox 1075 1223 1168 1294; x_wconf 86' lang='lat' dir='ltr'><strong>vir</strong></span> <span class='ocrx_word' id='word_1_36' title='bbox 1207 1222 1441 1295; x_wconf 80' lang='lat' dir='ltr'><strong>nobilis</strong></span> <span class='ocrx_word' id='word_1_37' title='bbox 1493 1245 1714 1294; x_wconf 89' lang='lat' dir='ltr'><strong>comes</strong></span> <span class='ocrx_word' id='word_1_38' title='bbox 1760 1220 1932 1295; x_wconf 88' lang='lat' dir='ltr'><strong>Barri</strong></span> <span class='ocrx_word' id='word_1_39' title='bbox 1960 1232 2005 1306; x_wconf 91' lang='lat'><strong>¹,</strong></span> <span class='ocrx_word' id='word_1_40' title='bbox 2052 1226 2132 1295; x_wconf 93' lang='lat' dir='ltr'><strong>de</strong></span> <span class='ocrx_word' id='word_1_41' title='bbox 2208 1228 2485 1296; x_wconf 88' lang='lat' dir='ltr'><strong>Puteaco</strong></span> <span class='ocrx_word' id='word_1_42' title='bbox 2543 1221 2872 1307; x_wconf 86' lang='lat' dir='ltr'><strong>dominus,</strong></span> <span class='ocrx_word' id='word_1_43' title='bbox 2914 1221 3062 1293; x_wconf 92' lang='lat' dir='ltr'><strong>dicti</strong></span> 
     </span>
     <span class='ocr_line' id='line_1_7' title="bbox 828 1336 3060 1432; baseline -0.002 -21"><span class='ocrx_word' id='word_1_44' title='bbox 828 1339 1145 1432; x_wconf 91' lang='lat' dir='ltr'><strong>B[ucardi]</strong></span> <span class='ocrx_word' id='word_1_45' title='bbox 1177 1359 1406 1429; x_wconf 79' lang='lat' dir='ltr'><strong>nepoS,</strong></span> <span class='ocrx_word' id='word_1_46' title='bbox 1429 1339 1659 1408; x_wconf 89' lang='lat' dir='ltr'><strong>domos</strong></span> <span class='ocrx_word' id='word_1_47' title='bbox 1686 1339 1948 1409; x_wconf 90' lang='lat' dir='ltr'><strong>easdem</strong></span> <span class='ocrx_word' id='word_1_48' title='bbox 1978 1351 2043 1408; x_wconf 93' lang='lat' dir='ltr'><strong>et</strong></span> <span class='ocrx_word' id='word_1_49' title='bbox 2069 1336 2290 1409; x_wconf 83' lang='lat' dir='ltr'><strong>vineas</strong></span> <span class='ocrx_word' id='word_1_50' title='bbox 2316 1337 2721 1421; x_wconf 85' lang='lat' dir='ltr'><strong>vendicabat,</strong></span> <span class='ocrx_word' id='word_1_51' title='bbox 2745 1338 2824 1406; x_wconf 95' lang='lat' dir='ltr'><strong>ad</strong></span> <span class='ocrx_word' id='word_1_52' title='bbox 2850 1359 2924 1408; x_wconf 91' lang='lat' dir='ltr'><strong>se</strong></span> <span class='ocrx_word' id='word_1_53' title='bbox 2953 1359 3060 1408; x_wconf 89' lang='lat' dir='ltr'><strong>eas</strong></span> 
     </span>
     <span class='ocr_line' id='line_1_8' title="bbox 821 1450 3071 1544; baseline -0.001 -21"><span class='ocrx_word' id='word_1_54' title='bbox 821 1455 968 1544; x_wconf 88' lang='lat' dir='ltr'><strong>jure</strong></span> <span class='ocrx_word' id='word_1_55' title='bbox 994 1450 1379 1524; x_wconf 83' lang='lat' dir='ltr'><strong>hereditario</strong></span> <span class='ocrx_word' id='word_1_56' title='bbox 1415 1453 1745 1523; x_wconf 85' lang='lat' dir='ltr'><strong>devolutas</strong></span> <span class='ocrx_word' id='word_1_57' title='bbox 1781 1465 2186 1544; x_wconf 67' lang='lat' dir='ltr'><strong>proponens,⁸</strong></span> <span class='ocrx_word' id='word_1_58' title='bbox 2210 1466 2434 1525; x_wconf 86' lang='lat' dir='ltr'><strong>contra</strong></span> <span class='ocrx_word' id='word_1_59' title='bbox 2476 1474 2671 1544; x_wconf 88' lang='lat' dir='ltr'><strong>quem</strong></span> <span class='ocrx_word' id='word_1_60' title='bbox 2723 1450 3071 1543; x_wconf 87' lang='lat' dir='ltr'><strong>capitulum</strong></span> 
     </span>
     <span class='ocr_line' id='line_1_9' title="bbox 832 1563 3068 1658; baseline -0.001 -20"><span class='ocrx_word' id='word_1_61' title='bbox 832 1571 1064 1638; x_wconf 84' lang='lat' dir='ltr'><strong>Sancte</strong></span> <span class='ocrx_word' id='word_1_62' title='bbox 1102 1563 1323 1637; x_wconf 82' lang='lat' dir='ltr'><strong>Crucis</strong></span> <span class='ocrx_word' id='word_1_63' title='bbox 1366 1564 1706 1656; x_wconf 68' lang='lat' dir='ltr'><strong>suprafatis</strong></span> <span class='ocrx_word' id='word_1_64' title='bbox 1744 1564 2230 1658; x_wconf 83' lang='lat' dir='ltr'><strong>exceptionibus</strong></span> <span class='ocrx_word' id='word_1_65' title='bbox 2284 1570 2605 1638; x_wconf 88' lang='lat' dir='ltr'><strong>utebatur.</strong></span> <span class='ocrx_word' id='word_1_66' title='bbox 2671 1569 2825 1636; x_wconf 86' lang='lat' dir='ltr'><strong>Post</strong></span> <span class='ocrx_word' id='word_1_67' title='bbox 2857 1586 3068 1635; x_wconf 90' lang='lat' dir='ltr'><strong>moro·</strong></span> 
     </span>
     <span class='ocr_line' id='line_1_10' title="bbox 830 1678 3074 1772; baseline -0.002 -19"><span class='ocrx_word' id='word_1_68' title='bbox 830 1704 936 1753; x_wconf 88' lang='lat' dir='ltr'><strong>sas</strong></span> <span class='ocrx_word' id='word_1_69' title='bbox 974 1680 1166 1772; x_wconf 79' lang='lat' dir='ltr'><strong>igitur</strong></span> <span class='ocrx_word' id='word_1_70' title='bbox 1203 1679 1719 1751; x_wconf 84' lang='lat' dir='ltr'><strong>concertationes</strong></span> <span class='ocrx_word' id='word_1_71' title='bbox 1750 1693 1813 1752; x_wconf 92' lang='lat' dir='ltr'><strong>et</strong></span> <span class='ocrx_word' id='word_1_72' title='bbox 1852 1679 2082 1763; x_wconf 81' lang='lat' dir='ltr'><strong>varias,</strong></span> <span class='ocrx_word' id='word_1_73' title='bbox 2125 1704 2207 1752; x_wconf 92' lang='lat' dir='ltr'><strong>ne</strong></span> <span class='ocrx_word' id='word_1_74' title='bbox 2232 1683 2542 1753; x_wconf 87' lang='lat' dir='ltr'><strong>Radullus</strong></span> <span class='ocrx_word' id='word_1_75' title='bbox 2564 1684 2805 1752; x_wconf 83' lang='lat' dir='ltr'><strong>Harens</strong></span> <span class='ocrx_word' id='word_1_76' title='bbox 2832 1678 3074 1751; x_wconf 89' lang='lat' dir='ltr'><strong>actoris</strong></span> 
     </span>
     <span class='ocr_line' id='line_1_11' title="bbox 833 1794 3075 1889; baseline -0 -22"><span class='ocrx_word' id='word_1_77' title='bbox 833 1810 896 1867; x_wconf 90' lang='lat' dir='ltr'><strong>et</strong></span> <span class='ocrx_word' id='word_1_78' title='bbox 928 1794 1165 1889; x_wconf 89' lang='lat' dir='ltr'><strong>judicis</strong></span> <span class='ocrx_word' id='word_1_79' title='bbox 1204 1797 1411 1868; x_wconf 85' lang='lat' dir='ltr'><strong>vicem</strong></span> <span class='ocrx_word' id='word_1_80' title='bbox 1445 1810 1664 1867; x_wconf 89' lang='lat' dir='ltr'><strong>tenere</strong></span> <span class='ocrx_word' id='word_1_81' title='bbox 1715 1808 1783 1866; x_wconf 93' lang='lat' dir='ltr'><strong>et</strong></span> <span class='ocrx_word' id='word_1_82' title='bbox 1829 1818 2053 1886; x_wconf 80' lang='lat' dir='ltr'><strong>gerere</strong></span> <span class='ocrx_word' id='word_1_83' title='bbox 2098 1796 2446 1881; x_wconf 82' lang='lat' dir='ltr'><strong>videretur,</strong></span> <span class='ocrx_word' id='word_1_84' title='bbox 2512 1811 2642 1868; x_wconf 92' lang='lat' dir='ltr'><strong>tam</strong></span> <span class='ocrx_word' id='word_1_85' title='bbox 2703 1797 2842 1887; x_wconf 91' lang='lat' dir='ltr'><strong>ipse</strong></span> <span class='ocrx_word' id='word_1_86' title='bbox 2884 1818 3075 1887; x_wconf 86' lang='lat' dir='ltr'><strong>quam</strong></span> 
     </span>
     <span class='ocr_line' id='line_1_12' title="bbox 729 1908 3075 2003; baseline -0.001 -20"><span class='ocrx_word' id='word_1_87' title='bbox 729 1928 740 1941; x_wconf 88' lang='lat'><strong>·</strong></span> <span class='ocrx_word' id='word_1_88' title='bbox 827 1933 1051 1983; x_wconf 84' lang='lat' dir='ltr'><strong>comes</strong></span> <span class='ocrx_word' id='word_1_89' title='bbox 1075 1933 1266 2001; x_wconf 87' lang='lat' dir='ltr'><strong>quam</strong></span> <span class='ocrx_word' id='word_1_90' title='bbox 1295 1908 1505 2001; x_wconf 90' lang='lat' dir='ltr'><strong>ipsum</strong></span> <span class='ocrx_word' id='word_1_91' title='bbox 1547 1908 1898 2001; x_wconf 91' lang='lat' dir='ltr'><strong>capitulum</strong></span> <span class='ocrx_word' id='word_1_92' title='bbox 1938 1910 2003 1980; x_wconf 91' lang='lat' dir='ltr'><strong>in</strong></span> <span class='ocrx_word' id='word_1_93' title='bbox 2042 1933 2162 1982; x_wconf 90' lang='lat' dir='ltr'><strong>nos</strong></span> <span class='ocrx_word' id='word_1_94' title='bbox 2191 1913 2368 1983; x_wconf 87' lang='lat' dir='ltr'><strong>solos</strong></span> <span class='ocrx_word' id='word_1_95' title='bbox 2410 1933 2608 2003; x_wconf 86' lang='lat' dir='ltr'><strong>super</strong></span> <span class='ocrx_word' id='word_1_96' title='bbox 2644 1914 2768 1982; x_wconf 90' lang='lat' dir='ltr'><strong>hoc</strong></span> <span class='ocrx_word' id='word_1_97' title='bbox 2807 1912 3075 1980; x_wconf 81' lang='lat' dir='ltr'><strong>firmiter</strong></span> 
     </span>
     <span class='ocr_line' id='line_1_13' title="bbox 829 2021 3065 2117; baseline -0.002 -21"><span class='ocrx_word' id='word_1_98' title='bbox 829 2023 1433 2116; x_wconf 80' lang='lat' dir='ltr'><strong>compromiserunt,</strong></span> <span class='ocrx_word' id='word_1_99' title='bbox 1503 2027 1731 2095; x_wconf 79' lang='lat' dir='ltr'><strong>factam</strong></span> <span class='ocrx_word' id='word_1_100' title='bbox 1794 2023 2447 2117; x_wconf 88' lang='lat' dir='ltr'><strong>compromissionem</strong></span> <span class='ocrx_word' id='word_1_101' title='bbox 2500 2022 2850 2096; x_wconf 83' lang='lat' dir='ltr'><strong>christiane</strong></span> <span class='ocrx_word' id='word_1_102' title='bbox 2920 2021 3065 2094; x_wconf 84' lang='lat' dir='ltr'><strong>fidei</strong></span> 
     </span>
     <span class='ocr_line' id='line_1_14' title="bbox 829 2136 3079 2231; baseline -0 -22"><span class='ocrx_word' id='word_1_103' title='bbox 829 2138 1136 2231; x_wconf 83' lang='lat' dir='ltr'><strong>religione</strong></span> <span class='ocrx_word' id='word_1_104' title='bbox 1166 2151 1231 2209; x_wconf 91' lang='lat' dir='ltr'><strong>et</strong></span> <span class='ocrx_word' id='word_1_105' title='bbox 1259 2136 1544 2228; x_wconf 83' lang='lat' dir='ltr'><strong>legitima</strong></span> <span class='ocrx_word' id='word_1_106' title='bbox 1575 2160 1740 2229; x_wconf 92' lang='lat' dir='ltr'><strong>pene</strong></span> <span class='ocrx_word' id='word_1_107' title='bbox 1762 2136 2122 2230; x_wconf 90' lang='lat' dir='ltr'><strong>adjectione</strong></span> <span class='ocrx_word' id='word_1_108' title='bbox 2153 2141 2489 2211; x_wconf 87' lang='lat' dir='ltr'><strong>vallantes.</strong></span> <span class='ocrx_word' id='word_1_109' title='bbox 2518 2143 2648 2210; x_wconf 88' lang='lat' dir='ltr'><strong>Nos</strong></span> <span class='ocrx_word' id='word_1_110' title='bbox 2671 2160 2851 2229; x_wconf 84' lang='lat' dir='ltr'><strong>ergo,</strong></span> <span class='ocrx_word' id='word_1_111' title='bbox 2880 2140 3079 2209; x_wconf 89' lang='lat' dir='ltr'><strong>bono·</strong></span> 
     </span>
     <span class='ocr_line' id='line_1_15' title="bbox 827 2250 3080 2343; baseline -0.001 -20"><span class='ocrx_word' id='word_1_112' title='bbox 827 2275 970 2323; x_wconf 91' lang='lat' dir='ltr'><strong>rum</strong></span> <span class='ocrx_word' id='word_1_113' title='bbox 1027 2251 1303 2323; x_wconf 83' lang='lat' dir='ltr'><strong>virorum</strong></span> <span class='ocrx_word' id='word_1_114' title='bbox 1372 2253 1846 2324; x_wconf 89' lang='lat' dir='ltr'><strong>assertionibus</strong></span> <span class='ocrx_word' id='word_1_115' title='bbox 1907 2265 1972 2324; x_wconf 89' lang='lat' dir='ltr'><strong>et</strong></span> <span class='ocrx_word' id='word_1_116' title='bbox 2012 2251 2265 2325; x_wconf 89' lang='lat' dir='ltr'><strong>idoneis</strong></span> <span class='ocrx_word' id='word_1_117' title='bbox 2327 2250 2847 2343; x_wconf 87' lang='lat' dir='ltr'><strong>depositionibus</strong></span> <span class='ocrx_word' id='word_1_118' title='bbox 2900 2251 3080 2321; x_wconf 85' lang='lat' dir='ltr'><strong>suffi-</strong></span> 
     </span>
     <span class='ocr_line' id='line_1_16' title="bbox 828 2359 3075 2455; baseline -0.003 -19"><span class='ocrx_word' id='word_1_119' title='bbox 828 2364 1072 2437; x_wconf 87' lang='lat' dir='ltr'><strong>cienter</strong></span> <span class='ocrx_word' id='word_1_120' title='bbox 1108 2363 1433 2449; x_wconf 88' lang='lat' dir='ltr'><strong>instructi,</strong></span> <span class='ocrx_word' id='word_1_121' title='bbox 1478 2366 1558 2435; x_wconf 92' lang='lat' dir='ltr'><strong>de</strong></span> <span class='ocrx_word' id='word_1_122' title='bbox 1596 2364 1872 2436; x_wconf 91' lang='lat' dir='ltr'><strong>consilio</strong></span> <span class='ocrx_word' id='word_1_123' title='bbox 1905 2363 2364 2438; x_wconf 87' lang='lat' dir='ltr'><strong>venerabilium</strong></span> <span class='ocrx_word' id='word_1_124' title='bbox 2381 2385 2802 2455; x_wconf 87' lang='lat' dir='ltr'><strong>personarum</strong></span> <span class='ocrx_word' id='word_1_125' title='bbox 2828 2359 3075 2434; x_wconf 90' lang='lat' dir='ltr'><strong>domini</strong></span> 
     </span>
     <span class='ocr_line' id='line_1_17' title="bbox 829 2473 3072 2568; baseline -0.002 -18"><span class='ocrx_word' id='word_1_126' title='bbox 829 2477 1246 2550; x_wconf 86' lang='lat' dir='ltr'><strong>Bituricensis</strong></span> <span class='ocrx_word' id='word_1_127' title='bbox 1294 2490 1357 2550; x_wconf 91' lang='lat' dir='ltr'><strong>et</strong></span> <span class='ocrx_word' id='word_1_128' title='bbox 1418 2476 1658 2549; x_wconf 91' lang='lat' dir='ltr'><strong>domini</strong></span> <span class='ocrx_word' id='word_1_129' title='bbox 1702 2479 2179 2560; x_wconf 81' lang='lat' dir='ltr'><strong>Aurelianensis</strong></span> <span class='ocrx_word' id='word_1_130' title='bbox 2217 2491 2283 2550; x_wconf 89' lang='lat' dir='ltr'><strong>et</strong></span> <span class='ocrx_word' id='word_1_131' title='bbox 2319 2479 2599 2549; x_wconf 86' lang='lat' dir='ltr'><strong>aliorum</strong></span> <span class='ocrx_word' id='word_1_132' title='bbox 2625 2473 3072 2568; x_wconf 89' lang='lat' dir='ltr'><strong>prudentium,</strong></span> 
     </span>
     <span class='ocr_line' id='line_1_18' title="bbox 829 2588 3072 2686; baseline -0.002 -22"><span class='ocrx_word' id='word_1_133' title='bbox 829 2595 876 2664; x_wconf 94' lang='lat' dir='ltr'><strong>C</strong></span> <span class='ocrx_word' id='word_1_134' title='bbox 913 2614 1161 2663; x_wconf 85' lang='lat' dir='ltr'><strong>marcas</strong></span> <span class='ocrx_word' id='word_1_135' title='bbox 1211 2593 1289 2663; x_wconf 89' lang='lat' dir='ltr'><strong>ab</strong></span> <span class='ocrx_word' id='word_1_136' title='bbox 1329 2591 1472 2683; x_wconf 89' lang='lat' dir='ltr'><strong>ipso</strong></span> <span class='ocrx_word' id='word_1_137' title='bbox 1523 2594 1875 2686; x_wconf 90' lang='lat' dir='ltr'><strong>B[ucardo]</strong></span> <span class='ocrx_word' id='word_1_138' title='bbox 1917 2596 2151 2665; x_wconf 89' lang='lat' dir='ltr'><strong>Sancte</strong></span> <span class='ocrx_word' id='word_1_139' title='bbox 2221 2593 2444 2664; x_wconf 89' lang='lat' dir='ltr'><strong>Crucis</strong></span> <span class='ocrx_word' id='word_1_140' title='bbox 2508 2589 2730 2664; x_wconf 88' lang='lat' dir='ltr'><strong>deberi</strong></span> <span class='ocrx_word' id='word_1_141' title='bbox 2788 2588 3072 2682; x_wconf 91' lang='lat' dir='ltr'><strong>capitulo</strong></span> 
     </span>
     <span class='ocr_line' id='line_1_19' title="bbox 828 2704 3073 2799; baseline -0 -24"><span class='ocrx_word' id='word_1_142' title='bbox 828 2705 1066 2777; x_wconf 78' lang='lat' dir='ltr'><strong>luimus</strong></span> <span class='ocrx_word' id='word_1_143' title='bbox 1094 2705 1407 2791; x_wconf 86' lang='lat' dir='ltr'><strong>arbitrati,</strong></span> <span class='ocrx_word' id='word_1_144' title='bbox 1432 2719 1496 2777; x_wconf 92' lang='lat' dir='ltr'><strong>et</strong></span> <span class='ocrx_word' id='word_1_145' title='bbox 1529 2728 1679 2777; x_wconf 90' lang='lat' dir='ltr'><strong>cum</strong></span> <span class='ocrx_word' id='word_1_146' title='bbox 1710 2708 1809 2777; x_wconf 90' lang='lat' dir='ltr'><strong>eis</strong></span> <span class='ocrx_word' id='word_1_147' title='bbox 1833 2704 2092 2778; x_wconf 89' lang='lat' dir='ltr'><strong>aliunde</strong></span> <span class='ocrx_word' id='word_1_148' title='bbox 2132 2704 2503 2778; x_wconf 78' lang='lat' dir='ltr'><strong>satisfacere</strong></span> <span class='ocrx_word' id='word_1_149' title='bbox 2545 2726 2674 2775; x_wconf 91' lang='lat' dir='ltr'><strong>non</strong></span> <span class='ocrx_word' id='word_1_150' title='bbox 2702 2725 3073 2799; x_wconf 87' lang='lat' dir='ltr'><strong>possemus,</strong></span> 
     </span>
     <span class='ocr_line' id='line_1_20' title="bbox 830 2819 3077 2913; baseline -0.001 -22"><span class='ocrx_word' id='word_1_151' title='bbox 830 2823 1057 2892; x_wconf 92' lang='lat' dir='ltr'><strong>domos</strong></span> <span class='ocrx_word' id='word_1_152' title='bbox 1096 2819 1191 2892; x_wconf 90' lang='lat' dir='ltr'><strong>eis</strong></span> <span class='ocrx_word' id='word_1_153' title='bbox 1229 2834 1294 2893; x_wconf 91' lang='lat' dir='ltr'><strong>et</strong></span> <span class='ocrx_word' id='word_1_154' title='bbox 1316 2822 1539 2893; x_wconf 84' lang='lat' dir='ltr'><strong>vineas</strong></span> <span class='ocrx_word' id='word_1_155' title='bbox 1578 2821 1879 2892; x_wconf 86' lang='lat' dir='ltr'><strong>dedimus</strong></span> <span class='ocrx_word' id='word_1_156' title='bbox 1917 2834 2107 2913; x_wconf 88' lang='lat' dir='ltr'><strong>atque</strong></span> <span class='ocrx_word' id='word_1_157' title='bbox 2145 2819 2618 2912; x_wconf 80' lang='lat' dir='ltr'><strong>assignavimus</strong></span> <span class='ocrx_word' id='word_1_158' title='bbox 2667 2820 2731 2891; x_wconf 94' lang='lat' dir='ltr'><strong>in</strong></span> <span class='ocrx_word' id='word_1_159' title='bbox 2790 2821 3077 2891; x_wconf 89' lang='lat' dir='ltr'><strong>solutum</strong></span> 
     </span>
     <span class='ocr_line' id='line_1_21' title="bbox 828 2933 3075 3028; baseline -0.002 -20"><span class='ocrx_word' id='word_1_160' title='bbox 828 2936 914 3008; x_wconf 86' lang='lat' dir='ltr'><strong>ita</strong></span> <span class='ocrx_word' id='word_1_161' title='bbox 942 2938 1113 3028; x_wconf 88' lang='lat' dir='ltr'><strong>quod</strong></span> <span class='ocrx_word' id='word_1_162' title='bbox 1149 2934 1201 3006; x_wconf 91' lang='lat' dir='ltr'><strong>si</strong></span> <span class='ocrx_word' id='word_1_163' title='bbox 1243 2936 1512 3007; x_wconf 82' lang='lat' dir='ltr'><strong>Radulso</strong></span> <span class='ocrx_word' id='word_1_164' title='bbox 1549 2937 1648 3007; x_wconf 80' lang='lat' dir='ltr'><strong>vel</strong></span> <span class='ocrx_word' id='word_1_165' title='bbox 1683 2934 1903 3007; x_wconf 90' lang='lat' dir='ltr'><strong>comiti</strong></span> <span class='ocrx_word' id='word_1_166' title='bbox 1944 2937 2174 3007; x_wconf 90' lang='lat' dir='ltr'><strong>domos</strong></span> <span class='ocrx_word' id='word_1_167' title='bbox 2207 2947 2273 3006; x_wconf 91' lang='lat' dir='ltr'><strong>et</strong></span> <span class='ocrx_word' id='word_1_168' title='bbox 2310 2933 2529 3008; x_wconf 84' lang='lat' dir='ltr'><strong>vineas</strong></span> <span class='ocrx_word' id='word_1_169' title='bbox 2557 2933 2874 3006; x_wconf 87' lang='lat' dir='ltr'><strong>redimere</strong></span> <span class='ocrx_word' id='word_1_170' title='bbox 2913 2935 3075 3004; x_wconf 75' lang='lat' dir='ltr'><strong>torte</strong></span> 
     </span>
     <span class='ocr_line' id='line_1_22' title="bbox 829 3047 3077 3141; baseline -0.001 -21"><span class='ocrx_word' id='word_1_171' title='bbox 829 3048 1159 3140; x_wconf 84' lang='lat' dir='ltr'><strong>placuerit,</strong></span> <span class='ocrx_word' id='word_1_172' title='bbox 1202 3050 1281 3120; x_wconf 93' lang='lat' dir='ltr'><strong>de</strong></span> <span class='ocrx_word' id='word_1_173' title='bbox 1339 3051 1385 3120; x_wconf 95' lang='lat' dir='ltr'><strong>C</strong></span> <span class='ocrx_word' id='word_1_174' title='bbox 1420 3047 1652 3120; x_wconf 90' lang='lat' dir='ltr'><strong>marcis</strong></span> <span class='ocrx_word' id='word_1_175' title='bbox 1690 3071 1725 3120; x_wconf 99' lang='lat' dir='ltr'><strong>a</strong></span> <span class='ocrx_word' id='word_1_176' title='bbox 1757 3048 2037 3141; x_wconf 89' lang='lat' dir='ltr'><strong>capitulo</strong></span> <span class='ocrx_word' id='word_1_177' title='bbox 2093 3049 2440 3133; x_wconf 81' lang='lat' dir='ltr'><strong>redimant,</strong></span> <span class='ocrx_word' id='word_1_178' title='bbox 2488 3048 2650 3120; x_wconf 76' lang='lat' dir='ltr'><strong>infra</strong></span> <span class='ocrx_word' id='word_1_179' title='bbox 2714 3069 2957 3119; x_wconf 90' lang='lat' dir='ltr'><strong>annum</strong></span> <span class='ocrx_word' id='word_1_180' title='bbox 3010 3060 3077 3118; x_wconf 93' lang='lat' dir='ltr'><strong>et</strong></span> 
     </span>
     <span class='ocr_line' id='line_1_23' title="bbox 829 3162 3075 3255; baseline -0 -20"><span class='ocrx_word' id='word_1_181' title='bbox 829 3163 1000 3236; x_wconf 91' lang='lat' dir='ltr'><strong>diem</strong></span> <span class='ocrx_word' id='word_1_182' title='bbox 1036 3162 1501 3254; x_wconf 87' lang='lat' dir='ltr'><strong>redemptionis</strong></span> <span class='ocrx_word' id='word_1_183' title='bbox 1530 3163 1736 3255; x_wconf 90' lang='lat' dir='ltr'><strong>ipsius</strong></span> <span class='ocrx_word' id='word_1_184' title='bbox 1778 3176 2063 3255; x_wconf 88' lang='lat' dir='ltr'><strong>tempora</strong></span> <span class='ocrx_word' id='word_1_185' title='bbox 2103 3166 2593 3235; x_wconf 90' lang='lat' dir='ltr'><strong>concludentes.</strong></span> <span class='ocrx_word' id='word_1_186' title='bbox 2649 3167 2846 3235; x_wconf 89' lang='lat' dir='ltr'><strong>Porro</strong></span> <span class='ocrx_word' id='word_1_187' title='bbox 2882 3165 3075 3234; x_wconf 89' lang='lat' dir='ltr'><strong>deca·</strong></span> 
     </span>
    </p>
   </div>
   <div class='ocr_carea' id='block_1_3' title="bbox 828 3274 3184 3369">
    <p class='ocr_par' dir='ltr' id='par_1_3' title="bbox 828 3274 3184 3369">
     <span class='ocr_line' id='line_1_24' title="bbox 828 3274 3184 3369; baseline -0.001 -22"><span class='ocrx_word' id='word_1_188' title='bbox 828 3299 954 3349; x_wconf 87' lang='lat' dir='ltr'><strong>nus</strong></span> <span class='ocrx_word' id='word_1_189' title='bbox 992 3290 1057 3349; x_wconf 90' lang='lat' dir='ltr'><strong>et</strong></span> <span class='ocrx_word' id='word_1_190' title='bbox 1096 3278 1444 3369; x_wconf 87' lang='lat' dir='ltr'><strong>capitulum</strong></span> <span class='ocrx_word' id='word_1_191' title='bbox 1487 3281 1719 3349; x_wconf 90' lang='lat' dir='ltr'><strong>Sancte</strong></span> <span class='ocrx_word' id='word_1_192' title='bbox 1746 3276 1996 3362; x_wconf 89' lang='lat' dir='ltr'><strong>Crucis,</strong></span> <span class='ocrx_word' id='word_1_193' title='bbox 2040 3278 2120 3348; x_wconf 92' lang='lat' dir='ltr'><strong>ad</strong></span> <span class='ocrx_word' id='word_1_194' title='bbox 2150 3298 2377 3369; x_wconf 90' lang='lat' dir='ltr'><strong>preces</strong></span> <span class='ocrx_word' id='word_1_195' title='bbox 2415 3275 2660 3349; x_wconf 91' lang='lat' dir='ltr'><strong>domini</strong></span> <span class='ocrx_word' id='word_1_196' title='bbox 2723 3274 3076 3348; x_wconf 89' lang='lat' dir='ltr'><strong>Bituricen·</strong></span> <span class='ocrx_word' id='word_1_197' title='bbox 3179 3312 3184 3315; x_wconf 92' lang='lat'>·</span> 
     </span>
    </p>
   </div>
   <div class='ocr_carea' id='block_1_4' title="bbox 827 3390 3078 4398">
    <p class='ocr_par' dir='ltr' id='par_1_4' title="bbox 827 3390 3078 4398">
     <span class='ocr_line' id='line_1_25' title="bbox 832 3390 3075 3484; baseline -0.001 -22"><span class='ocrx_word' id='word_1_198' title='bbox 832 3390 923 3463; x_wconf 89' lang='lat' dir='ltr'><strong>sis</strong></span> <span class='ocrx_word' id='word_1_199' title='bbox 942 3404 1302 3475; x_wconf 86' lang='lat' dir='ltr'><strong>etnostras‚</strong></span> <span class='ocrx_word' id='word_1_200' title='bbox 1342 3394 1572 3463; x_wconf 86' lang='lat' dir='ltr'><strong>domos</strong></span> <span class='ocrx_word' id='word_1_201' title='bbox 1592 3394 1914 3484; x_wconf 70' lang='lat' dir='ltr'><strong>sepefatas</strong></span> <span class='ocrx_word' id='word_1_202' title='bbox 1937 3406 2000 3463; x_wconf 91' lang='lat' dir='ltr'><strong>et</strong></span> <span class='ocrx_word' id='word_1_203' title='bbox 2020 3391 2238 3464; x_wconf 85' lang='lat' dir='ltr'><strong>vineas</strong></span> <span class='ocrx_word' id='word_1_204' title='bbox 2267 3390 2528 3462; x_wconf 92' lang='lat' dir='ltr'><strong>domino</strong></span> <span class='ocrx_word' id='word_1_205' title='bbox 2552 3390 2812 3484; x_wconf 85' lang='lat' dir='ltr'><strong>1[voni],</strong></span> <span class='ocrx_word' id='word_1_206' title='bbox 2841 3394 3075 3463; x_wconf 89' lang='lat' dir='ltr'><strong>Sancte</strong></span> 
     </span>
     <span class='ocr_line' id='line_1_26' title="bbox 830 3504 3075 3597; baseline -0 -20"><span class='ocrx_word' id='word_1_207' title='bbox 830 3508 1051 3577; x_wconf 77' lang='lat' dir='ltr'><strong>Crucis</strong></span> <span class='ocrx_word' id='word_1_208' title='bbox 1088 3506 1360 3589; x_wconf 88' lang='lat' dir='ltr'><strong>cantori,</strong></span> <span class='ocrx_word' id='word_1_209' title='bbox 1395 3509 1515 3577; x_wconf 90' lang='lat' dir='ltr'><strong>sub</strong></span> <span class='ocrx_word' id='word_1_210' title='bbox 1544 3527 1756 3576; x_wconf 87' lang='lat' dir='ltr'><strong>annua</strong></span> <span class='ocrx_word' id='word_1_211' title='bbox 1797 3504 2109 3597; x_wconf 88' lang='lat' dir='ltr'><strong>pensione</strong></span> <span class='ocrx_word' id='word_1_212' title='bbox 2136 3508 2215 3576; x_wconf 88' lang='lat' dir='ltr'><strong>XI</strong></span> <span class='ocrx_word' id='word_1_213' title='bbox 2250 3504 2666 3597; x_wconf 67' lang='lat' dir='ltr'><strong>solIidorum]</strong></span> <span class='ocrx_word' id='word_1_214' title='bbox 2706 3527 2877 3577; x_wconf 90' lang='lat' dir='ltr'><strong>anno</strong></span> <span class='ocrx_word' id='word_1_215' title='bbox 2910 3527 3075 3596; x_wconf 87' lang='lat' dir='ltr'><strong>quo-</strong></span> 
     </span>
     <span class='ocr_line' id='line_1_27' title="bbox 827 3617 3078 3711; baseline 0 -21"><span class='ocrx_word' id='word_1_216' title='bbox 827 3618 982 3691; x_wconf 91' lang='lat' dir='ltr'><strong>libet</strong></span> <span class='ocrx_word' id='word_1_217' title='bbox 1006 3623 1238 3691; x_wconf 91' lang='lat' dir='ltr'><strong>Sancte</strong></span> <span class='ocrx_word' id='word_1_218' title='bbox 1264 3619 1484 3690; x_wconf 90' lang='lat' dir='ltr'><strong>Crucis</strong></span> <span class='ocrx_word' id='word_1_219' title='bbox 1506 3619 1787 3711; x_wconf 89' lang='lat' dir='ltr'><strong>capitulo</strong></span> <span class='ocrx_word' id='word_1_220' title='bbox 1831 3621 2281 3691; x_wconf 81' lang='lat' dir='ltr'><strong>solvendarum</strong></span> <span class='ocrx_word' id='word_1_221' title='bbox 2306 3620 2519 3709; x_wconf 89' lang='lat' dir='ltr'><strong>quoad</strong></span> <span class='ocrx_word' id='word_1_222' title='bbox 2550 3617 2770 3690; x_wconf 86' lang='lat' dir='ltr'><strong>vixerit</strong></span> <span class='ocrx_word' id='word_1_223' title='bbox 2809 3640 3078 3691; x_wconf 87' lang='lat' dir='ltr'><strong>conces-</strong></span> 
     </span>
     <span class='ocr_line' id='line_1_28' title="bbox 829 3730 3073 3825; baseline -0 -21"><span class='ocrx_word' id='word_1_224' title='bbox 829 3747 1076 3819; x_wconf 84' lang='lat' dir='ltr'><strong>serunt,</strong></span> <span class='ocrx_word' id='word_1_225' title='bbox 1104 3755 1371 3824; x_wconf 88' lang='lat' dir='ltr'><strong>quarum</strong></span> <span class='ocrx_word' id='word_1_226' title='bbox 1412 3734 1725 3805; x_wconf 90' lang='lat' dir='ltr'><strong>medietas</strong></span> <span class='ocrx_word' id='word_1_227' title='bbox 1767 3732 1831 3803; x_wconf 94' lang='lat' dir='ltr'><strong>in</strong></span> <span class='ocrx_word' id='word_1_228' title='bbox 1893 3731 2332 3804; x_wconf 86' lang='lat' dir='ltr'><strong>anniversario</strong></span> <span class='ocrx_word' id='word_1_229' title='bbox 2384 3730 2842 3805; x_wconf 89' lang='lat' dir='ltr'><strong>Dunelmensis</strong></span> <span class='ocrx_word' id='word_1_230' title='bbox 2898 3732 3073 3825; x_wconf 89' lang='lat' dir='ltr'><strong>epis·</strong></span> 
     </span>
     <span class='ocr_line' id='line_1_29' title="bbox 830 3844 3073 3941; baseline -0.001 -21"><span class='ocrx_word' id='word_1_231' title='bbox 830 3854 1005 3938; x_wconf 84' lang='lat' dir='ltr'><strong>copi,</strong></span> <span class='ocrx_word' id='word_1_232' title='bbox 1046 3845 1288 3937; x_wconf 87' lang='lat' dir='ltr'><strong>reliqua</strong></span> <span class='ocrx_word' id='word_1_233' title='bbox 1349 3847 1415 3917; x_wconf 91' lang='lat' dir='ltr'><strong>in</strong></span> <span class='ocrx_word' id='word_1_234' title='bbox 1479 3846 1917 3919; x_wconf 86' lang='lat' dir='ltr'><strong>anniversario</strong></span> <span class='ocrx_word' id='word_1_235' title='bbox 1967 3848 2123 3918; x_wconf 91' lang='lat' dir='ltr'><strong>dicti</strong></span> <span class='ocrx_word' id='word_1_236' title='bbox 2187 3848 2510 3941; x_wconf 87' lang='lat' dir='ltr'><strong>B[ucardi]</strong></span> <span class='ocrx_word' id='word_1_237' title='bbox 2570 3844 2905 3918; x_wconf 87' lang='lat' dir='ltr'><strong>canonicis</strong></span> <span class='ocrx_word' id='word_1_238' title='bbox 2964 3848 3073 3938; x_wconf 88' lang='lat' dir='ltr'><strong>qui</strong></span> 
     </span>
     <span class='ocr_line' id='line_1_30' title="bbox 829 3959 3071 4055; baseline 0 -23"><span class='ocrx_word' id='word_1_239' title='bbox 829 3959 1233 4035; x_wconf 72' lang='lat' dir='ltr'><strong>interfuerint</strong></span> <span class='ocrx_word' id='word_1_240' title='bbox 1268 3962 1606 4034; x_wconf 82' lang='lat' dir='ltr'><strong>dividetur.</strong></span> <span class='ocrx_word' id='word_1_241' title='bbox 1653 3965 1848 4055; x_wconf 90' lang='lat' dir='ltr'><strong>Cujus</strong></span> <span class='ocrx_word' id='word_1_242' title='bbox 1873 3962 1965 4034; x_wconf 91' lang='lat' dir='ltr'><strong>rei</strong></span> <span class='ocrx_word' id='word_1_243' title='bbox 1991 3962 2193 4036; x_wconf 89' lang='lat' dir='ltr'><strong>series</strong></span> <span class='ocrx_word' id='word_1_244' title='bbox 2232 3975 2303 4035; x_wconf 95' lang='lat' dir='ltr'><strong>ut</strong></span> <span class='ocrx_word' id='word_1_245' title='bbox 2321 3961 2561 4035; x_wconf 89' lang='lat' dir='ltr'><strong>firmior</strong></span> <span class='ocrx_word' id='word_1_246' title='bbox 2586 3965 2892 4036; x_wconf 83' lang='lat' dir='ltr'><strong>habeatur</strong></span> <span class='ocrx_word' id='word_1_247' title='bbox 2927 3985 3071 4034; x_wconf 89' lang='lat' dir='ltr'><strong>eam</strong></span> 
     </span>
     <span class='ocr_line' id='line_1_31' title="bbox 831 4074 3069 4169; baseline 0 -23"><span class='ocrx_word' id='word_1_248' title='bbox 831 4077 1184 4149; x_wconf 89' lang='lat' dir='ltr'><strong>litterarum</strong></span> <span class='ocrx_word' id='word_1_249' title='bbox 1229 4090 1296 4148; x_wconf 90' lang='lat' dir='ltr'><strong>et</strong></span> <span class='ocrx_word' id='word_1_250' title='bbox 1370 4074 1558 4169; x_wconf 83' lang='lat' dir='ltr'><strong>sigilli</strong></span> <span class='ocrx_word' id='word_1_251' title='bbox 1636 4077 1837 4148; x_wconf 91' lang='lat' dir='ltr'><strong>nostri</strong></span> <span class='ocrx_word' id='word_1_252' title='bbox 1903 4076 2270 4150; x_wconf 88' lang='lat' dir='ltr'><strong>testimonio</strong></span> <span class='ocrx_word' id='word_1_253' title='bbox 2307 4079 2811 4150; x_wconf 90' lang='lat' dir='ltr'><strong>communimus.</strong></span> <span class='ocrx_word' id='word_1_254' title='bbox 2845 4081 3069 4149; x_wconf 82' lang='lat' dir='ltr'><strong>Actum</strong></span> 
     </span>
     <span class='ocr_line' id='line_1_32' title="bbox 828 4189 3070 4284; baseline -0 -20"><span class='ocrx_word' id='word_1_255' title='bbox 828 4213 1003 4264; x_wconf 89' lang='lat' dir='ltr'><strong>anno</strong></span> <span class='ocrx_word' id='word_1_256' title='bbox 1039 4190 1353 4263; x_wconf 89' lang='lat' dir='ltr'><strong>incarnati</strong></span> <span class='ocrx_word' id='word_1_257' title='bbox 1382 4189 1568 4263; x_wconf 88' lang='lat' dir='ltr'><strong>Verbi</strong></span> <span class='ocrx_word' id='word_1_258' title='bbox 1609 4194 1818 4263; x_wconf 78' lang='lat' dir='ltr'><strong>MCXC</strong></span> <span class='ocrx_word' id='word_1_259' title='bbox 1847 4196 2154 4283; x_wconf 90' lang='lat' dir='ltr'><strong>septimo,</strong></span> <span class='ocrx_word' id='word_1_260' title='bbox 2197 4190 2609 4284; x_wconf 86' lang='lat' dir='ltr'><strong>pontificatus</strong></span> <span class='ocrx_word' id='word_1_261' title='bbox 2640 4190 2841 4263; x_wconf 90' lang='lat' dir='ltr'><strong>nostri</strong></span> <span class='ocrx_word' id='word_1_262' title='bbox 2899 4213 3070 4263; x_wconf 90' lang='lat' dir='ltr'><strong>anno</strong></span> 
     </span>
     <span class='ocr_line' id='line_1_33' title="bbox 831 4327 1064 4398; baseline 0.004 -23"><span class='ocrx_word' id='word_1_263' title='bbox 831 4327 1064 4398; x_wconf 76' lang='lat' dir='ltr'><strong>primo.</strong></span> 
     </span>
    </p>
   </div>
   <div class='ocr_carea' id='block_1_5' title="bbox 903 4651 1943 4725">
    <p class='ocr_par' dir='ltr' id='par_1_5' title="bbox 903 4651 1943 4725">
     <span class='ocr_line' id='line_1_34' title="bbox 903 4651 1943 4725; baseline -0.002 -16"><span class='ocrx_word' id='word_1_264' title='bbox 903 4653 921 4688; x_wconf 91' lang='lat'>¹</span> <span class='ocrx_word' id='word_1_265' title='bbox 962 4651 1160 4725; x_wconf 76' lang='lat' dir='ltr'><strong>Milon,</strong></span> <span class='ocrx_word' id='word_1_266' title='bbox 1190 4657 1375 4709; x_wconf 88' lang='lat' dir='ltr'><strong>comte</strong></span> <span class='ocrx_word' id='word_1_267' title='bbox 1403 4652 1474 4707; x_wconf 89' lang='lat' dir='ltr'><strong>de</strong></span> <span class='ocrx_word' id='word_1_268' title='bbox 1498 4652 1943 4709; x_wconf 83' lang='lat' dir='ltr'><strong>Bar-sur-Seine.</strong></span> 
     </span>
    </p>
   </div>
  </div>
 </body>
</html>
