<?xml version="1.0" encoding="UTF-8"?>
<!DOCTYPE html PUBLIC "-//W3C//DTD XHTML 1.0 Transitional//EN"
    "http://www.w3.org/TR/xhtml1/DTD/xhtml1-transitional.dtd">
<html xmlns="http://www.w3.org/1999/xhtml" xml:lang="en" lang="en">
 <head>
  <title>
</title>
<meta http-equiv="Content-Type" content="text/html;charset=utf-8" />
  <meta name='ocr-system' content='tesseract 3.04.00' />
  <meta name='ocr-capabilities' content='ocr_page ocr_carea ocr_par ocr_line ocrx_word'/>
</head>
<body>
  <div class='ocr_page' id='page_1' title='image "./cartulairedesai00thilgoog_0490.png"; bbox 0 0 3485 5571; ppageno 0'>
   <div class='ocr_carea' id='block_1_1' title="bbox 1658 675 2018 737">
    <p class='ocr_par' dir='ltr' id='par_1_1' title="bbox 1658 675 2018 737">
     <span class='ocr_line' id='line_1_1' title="bbox 1658 675 2018 737; baseline -0.006 0"><span class='ocrx_word' id='word_1_1' title='bbox 1658 675 2018 737; x_wconf 77' lang='lat'><strong>-310—</strong></span> 
     </span>
    </p>
   </div>
   <div class='ocr_carea' id='block_1_2' title="bbox 1701 1026 1977 1088">
    <p class='ocr_par' dir='ltr' id='par_1_2' title="bbox 1701 1026 1977 1088">
     <span class='ocr_line' id='line_1_2' title="bbox 1701 1026 1977 1088; baseline 0.004 -1"><span class='ocrx_word' id='word_1_2' title='bbox 1701 1026 1977 1088; x_wconf 80' lang='lat' dir='ltr'>CCXVIII</span> 
     </span>
    </p>
   </div>
   <div class='ocr_carea' id='block_1_3' title="bbox 1632 1300 2045 1363">
    <p class='ocr_par' dir='ltr' id='par_1_3' title="bbox 1632 1300 2045 1363">
     <span class='ocr_line' id='line_1_3' title="bbox 1632 1300 2045 1363; baseline 0.002 -1"><span class='ocrx_word' id='word_1_3' title='bbox 1632 1304 1662 1362; x_wconf 91' lang='lat' dir='ltr'>J</span> <span class='ocrx_word' id='word_1_4' title='bbox 1670 1301 1859 1363; x_wconf 84' lang='lat' dir='ltr'><strong>uiuet</strong></span> <span class='ocrx_word' id='word_1_5' title='bbox 1891 1300 2045 1363; x_wconf 65' lang='lat'><strong>1228</strong></span> 
     </span>
    </p>
   </div>
   <div class='ocr_carea' id='block_1_4' title="bbox 703 1527 2962 1777">
    <p class='ocr_par' dir='ltr' id='par_1_4' title="bbox 703 1527 2962 1777">
     <span class='ocr_line' id='line_1_4' title="bbox 703 1527 2958 1601; baseline 0 -18"><span class='ocrx_word' id='word_1_6' title='bbox 703 1530 871 1601; x_wconf 80' lang='lat' dir='ltr'><strong>Ferry</strong></span> <span class='ocrx_word' id='word_1_7' title='bbox 895 1534 947 1585; x_wconf 82' lang='lat' dir='ltr'><strong>et</strong></span> <span class='ocrx_word' id='word_1_8' title='bbox 973 1528 1295 1585; x_wconf 82' lang='lat' dir='ltr'><strong>Guillaume</strong></span> <span class='ocrx_word' id='word_1_9' title='bbox 1325 1531 1397 1585; x_wconf 92' lang='lat' dir='ltr'><strong>de</strong></span> <span class='ocrx_word' id='word_1_10' title='bbox 1423 1531 1585 1601; x_wconf 80' lang='lat' dir='ltr'><strong>Jony,</strong></span> <span class='ocrx_word' id='word_1_11' title='bbox 1616 1528 1948 1596; x_wconf 80' lang='lat' dir='ltr'>chevaliers,</span> <span class='ocrx_word' id='word_1_12' title='bbox 1981 1529 2315 1584; x_wconf 82' lang='lat' dir='ltr'><strong>confirment</strong></span> <span class='ocrx_word' id='word_1_13' title='bbox 2343 1529 2397 1585; x_wconf 82' lang='lat' dir='ltr'><strong>la</strong></span> <span class='ocrx_word' id='word_1_14' title='bbox 2421 1527 2692 1583; x_wconf 75' lang='lat' dir='ltr'><strong>donalion</strong></span> <span class='ocrx_word' id='word_1_15' title='bbox 2722 1527 2856 1582; x_wconf 84' lang='lat' dir='ltr'><strong>faite</strong></span> <span class='ocrx_word' id='word_1_16' title='bbox 2885 1543 2958 1583; x_wconf 82' lang='lat' dir='ltr'><strong>au</strong></span> 
     </span>
     <span class='ocr_line' id='line_1_5' title="bbox 774 1622 2962 1697; baseline 0 -19"><span class='ocrx_word' id='word_1_17' title='bbox 774 1625 1028 1697; x_wconf 85' lang='lat' dir='ltr'><strong>chapitre</strong></span> <span class='ocrx_word' id='word_1_18' title='bbox 1051 1642 1152 1696; x_wconf 88' lang='lat' dir='ltr'><strong>par</strong></span> <span class='ocrx_word' id='word_1_19' title='bbox 1178 1625 1301 1680; x_wconf 92' lang='lat' dir='ltr'><strong>leur</strong></span> <span class='ocrx_word' id='word_1_20' title='bbox 1331 1626 1481 1679; x_wconf 79' lang='lat' dir='ltr'><strong>frere</strong></span> <span class='ocrx_word' id='word_1_21' title='bbox 1505 1624 1786 1697; x_wconf 74' lang='lat' dir='ltr'><strong>Philippo,</strong></span> <span class='ocrx_word' id='word_1_22' title='bbox 1812 1624 2022 1696; x_wconf 71' lang='lat' dir='ltr'><strong>eveque</strong></span> <span class='ocrx_word' id='word_1_23' title='bbox 2054 1624 2367 1691; x_wconf 77' lang='lat' dir='ltr'><strong>d’Orleans‚</strong></span> <span class='ocrx_word' id='word_1_24' title='bbox 2398 1624 2467 1679; x_wconf 82' lang='lat' dir='ltr'><strong>de</strong></span> <span class='ocrx_word' id='word_1_25' title='bbox 2499 1642 2589 1680; x_wconf 88' lang='lat' dir='ltr'><strong>ses</strong></span> <span class='ocrx_word' id='word_1_26' title='bbox 2610 1622 2962 1697; x_wconf 86' lang='lat' dir='ltr'><strong>possessions</strong></span> 
     </span>
     <span class='ocr_line' id='line_1_6' title="bbox 772 1721 1355 1777; baseline 0 -2"><span class='ocrx_word' id='word_1_27' title='bbox 772 1722 842 1775; x_wconf 90' lang='lat' dir='ltr'><strong>de</strong></span> <span class='ocrx_word' id='word_1_28' title='bbox 872 1721 1355 1777; x_wconf 82' lang='lat' dir='ltr'><strong>villiers-Martin.</strong></span> 
     </span>
    </p>
   </div>
   <div class='ocr_carea' id='block_1_5' title="bbox 1169 1866 2496 1939">
    <p class='ocr_par' dir='ltr' id='par_1_5' title="bbox 1169 1866 2496 1939">
     <span class='ocr_line' id='line_1_7' title="bbox 1169 1866 2496 1939; baseline 0.003 -19"><span class='ocrx_word' id='word_1_29' title='bbox 1169 1867 1350 1938; x_wconf 80' lang='lat' dir='ltr'><strong>(Orig.</strong></span> <span class='ocrx_word' id='word_1_30' title='bbox 1385 1885 1431 1922; x_wconf 81' lang='lat' dir='ltr'><strong>s,</strong></span> <span class='ocrx_word' id='word_1_31' title='bbox 1465 1868 1657 1939; x_wconf 76' lang='lat' dir='ltr'><strong>pai-ch.</strong></span> <span class='ocrx_word' id='word_1_32' title='bbox 1692 1867 1861 1922; x_wconf 85' lang='lat' dir='ltr'><strong>Arch.</strong></span> <span class='ocrx_word' id='word_1_33' title='bbox 1897 1866 1972 1922; x_wconf 90' lang='lat' dir='ltr'><strong>du</strong></span> <span class='ocrx_word' id='word_1_34' title='bbox 2001 1867 2206 1935; x_wconf 85' lang='lat' dir='ltr'><strong>Loiret,</strong></span> <span class='ocrx_word' id='word_1_35' title='bbox 2246 1868 2313 1923; x_wconf 88' lang='lat' dir='ltr'><strong>G.</strong></span> <span class='ocrx_word' id='word_1_36' title='bbox 2345 1867 2496 1939; x_wconf 76' lang='lat'>244).</span> 
     </span>
    </p>
   </div>
   <div class='ocr_carea' id='block_1_6' title="bbox 698 2061 2964 4078">
    <p class='ocr_par' dir='ltr' id='par_1_6' title="bbox 698 2061 2964 4078">
     <span class='ocr_line' id='line_1_8' title="bbox 790 2061 2963 2154; baseline -0 -20"><span class='ocrx_word' id='word_1_37' title='bbox 790 2066 1112 2134; x_wconf 83' lang='lat' dir='ltr'>Omnibus</span> <span class='ocrx_word' id='word_1_38' title='bbox 1159 2077 1495 2154; x_wconf 81' lang='lat' dir='ltr'><strong>presentes</strong></span> <span class='ocrx_word' id='word_1_39' title='bbox 1536 2063 1781 2134; x_wconf 79' lang='lat' dir='ltr'><strong>litteras</strong></span> <span class='ocrx_word' id='word_1_40' title='bbox 1826 2061 2218 2153; x_wconf 88' lang='lat' dir='ltr'><strong>inspecturis</strong></span> <span class='ocrx_word' id='word_1_41' title='bbox 2260 2062 2555 2135; x_wconf 73' lang='lat' dir='ltr'><strong>Feri-icus</strong></span> <span class='ocrx_word' id='word_1_42' title='bbox 2613 2065 2694 2133; x_wconf 87' lang='lat' dir='ltr'><strong>de</strong></span> <span class='ocrx_word' id='word_1_43' title='bbox 2738 2065 2963 2134; x_wconf 85' lang='lat' dir='ltr'><strong>Joiaco</strong></span> 
     </span>
     <span class='ocr_line' id='line_1_9' title="bbox 700 2176 2958 2262; baseline -0.001 -14"><span class='ocrx_word' id='word_1_44' title='bbox 700 2192 765 2249; x_wconf 90' lang='lat' dir='ltr'><strong>et</strong></span> <span class='ocrx_word' id='word_1_45' title='bbox 821 2178 1183 2248; x_wconf 90' lang='lat' dir='ltr'><strong>Willelmus</strong></span> <span class='ocrx_word' id='word_1_46' title='bbox 1239 2179 1319 2248; x_wconf 89' lang='lat' dir='ltr'><strong>de</strong></span> <span class='ocrx_word' id='word_1_47' title='bbox 1366 2177 1584 2249; x_wconf 83' lang='lat' dir='ltr'><strong>Joiaco</strong></span> <span class='ocrx_word' id='word_1_48' title='bbox 1633 2181 1885 2261; x_wconf 72' lang='lat' dir='ltr'><strong>iratres,</strong></span> <span class='ocrx_word' id='word_1_49' title='bbox 1934 2176 2197 2262; x_wconf 90' lang='lat' dir='ltr'><strong>milites,</strong></span> <span class='ocrx_word' id='word_1_50' title='bbox 2241 2180 2511 2248; x_wconf 90' lang='lat' dir='ltr'><strong>salutem</strong></span> <span class='ocrx_word' id='word_1_51' title='bbox 2547 2178 2612 2247; x_wconf 92' lang='lat' dir='ltr'><strong>in</strong></span> <span class='ocrx_word' id='word_1_52' title='bbox 2638 2177 2958 2248; x_wconf 90' lang='lat' dir='ltr'><strong>Domino.</strong></span> 
     </span>
     <span class='ocr_line' id='line_1_10' title="bbox 698 2291 2958 2383; baseline 0.001 -21"><span class='ocrx_word' id='word_1_53' title='bbox 698 2292 999 2363; x_wconf 86' lang='lat' dir='ltr'><strong>Noverint</strong></span> <span class='ocrx_word' id='word_1_54' title='bbox 1058 2291 1337 2363; x_wconf 87' lang='lat' dir='ltr'><strong>universi</strong></span> <span class='ocrx_word' id='word_1_55' title='bbox 1387 2295 1557 2382; x_wconf 90' lang='lat' dir='ltr'><strong>quod</strong></span> <span class='ocrx_word' id='word_1_56' title='bbox 1620 2315 1767 2363; x_wconf 91' lang='lat' dir='ltr'><strong>cum</strong></span> <span class='ocrx_word' id='word_1_57' title='bbox 1832 2294 2223 2364; x_wconf 86' lang='lat' dir='ltr'><strong>venerabilis</strong></span> <span class='ocrx_word' id='word_1_58' title='bbox 2285 2307 2463 2383; x_wconf 87' lang='lat' dir='ltr'><strong>pater</strong></span> <span class='ocrx_word' id='word_1_59' title='bbox 2524 2295 2835 2365; x_wconf 91' lang='lat' dir='ltr'><strong>dominus</strong></span> <span class='ocrx_word' id='word_1_60' title='bbox 2883 2315 2958 2364; x_wconf 92' lang='lat' dir='ltr'><strong>ac</strong></span> 
     </span>
     <span class='ocr_line' id='line_1_11' title="bbox 701 2406 2957 2500; baseline 0 -24"><span class='ocrx_word' id='word_1_61' title='bbox 701 2412 891 2478; x_wconf 77' lang='lat' dir='ltr'><strong>irater</strong></span> <span class='ocrx_word' id='word_1_62' title='bbox 940 2420 1160 2478; x_wconf 91' lang='lat' dir='ltr'><strong>noster</strong></span> <span class='ocrx_word' id='word_1_63' title='bbox 1214 2406 1569 2497; x_wconf 88' lang='lat' dir='ltr'><strong>Philippus,</strong></span> <span class='ocrx_word' id='word_1_64' title='bbox 1624 2409 1744 2478; x_wconf 90' lang='lat' dir='ltr'><strong>Dei</strong></span> <span class='ocrx_word' id='word_1_65' title='bbox 1801 2407 2002 2497; x_wconf 80' lang='lat' dir='ltr'><strong>gratia</strong></span> <span class='ocrx_word' id='word_1_66' title='bbox 2061 2406 2539 2479; x_wconf 79' lang='lat' dir='ltr'><strong>Aurelianensis</strong></span> <span class='ocrx_word' id='word_1_67' title='bbox 2579 2406 2957 2500; x_wconf 89' lang='lat' dir='ltr'><strong>episcopus,</strong></span> 
     </span>
     <span class='ocr_line' id='line_1_12' title="bbox 703 2519 2962 2611; baseline 0 -20"><span class='ocrx_word' id='word_1_68' title='bbox 703 2534 907 2592; x_wconf 88' lang='lat' dir='ltr'><strong>totum</strong></span> <span class='ocrx_word' id='word_1_69' title='bbox 947 2519 1251 2611; x_wconf 87' lang='lat' dir='ltr'><strong>quicquid</strong></span> <span class='ocrx_word' id='word_1_70' title='bbox 1315 2523 1587 2592; x_wconf 82' lang='lat' dir='ltr'><strong>habebat</strong></span> <span class='ocrx_word' id='word_1_71' title='bbox 1645 2523 1812 2611; x_wconf 88' lang='lat' dir='ltr'><strong>apud</strong></span> <span class='ocrx_word' id='word_1_72' title='bbox 1871 2523 2108 2593; x_wconf 86' lang='lat' dir='ltr'><strong>Villare</strong></span> <span class='ocrx_word' id='word_1_73' title='bbox 2147 2523 2391 2591; x_wconf 78' lang='lat' dir='ltr'><strong>Martini</strong></span> <span class='ocrx_word' id='word_1_74' title='bbox 2428 2534 2492 2592; x_wconf 91' lang='lat' dir='ltr'><strong>et</strong></span> <span class='ocrx_word' id='word_1_75' title='bbox 2529 2520 2594 2590; x_wconf 91' lang='lat' dir='ltr'><strong>in</strong></span> <span class='ocrx_word' id='word_1_76' title='bbox 2635 2520 2962 2592; x_wconf 89' lang='lat' dir='ltr'><strong>territorio</strong></span> 
     </span>
     <span class='ocr_line' id='line_1_13' title="bbox 702 2634 2962 2733; baseline -0 -27"><span class='ocrx_word' id='word_1_77' title='bbox 702 2638 994 2727; x_wconf 88' lang='lat' dir='ltr'><strong>ejusdem</strong></span> <span class='ocrx_word' id='word_1_78' title='bbox 1057 2635 1202 2705; x_wconf 87' lang='lat' dir='ltr'><strong>ville</strong></span> <span class='ocrx_word' id='word_1_79' title='bbox 1260 2637 1506 2733; x_wconf 88' lang='lat' dir='ltr'><strong>decano</strong></span> <span class='ocrx_word' id='word_1_80' title='bbox 1559 2646 1620 2705; x_wconf 79' lang='lat' dir='ltr'><strong>et</strong></span> <span class='ocrx_word' id='word_1_81' title='bbox 1683 2634 1962 2726; x_wconf 82' lang='lat' dir='ltr'><strong>capitulo</strong></span> <span class='ocrx_word' id='word_1_82' title='bbox 2014 2634 2493 2706; x_wconf 79' lang='lat' dir='ltr'><strong>Aurelianensis</strong></span> <span class='ocrx_word' id='word_1_83' title='bbox 2554 2634 2834 2706; x_wconf 83' lang='lat' dir='ltr'><strong>ecclesie</strong></span> <span class='ocrx_word' id='word_1_84' title='bbox 2898 2635 2962 2705; x_wconf 93' lang='lat' dir='ltr'><strong>in</strong></span> 
     </span>
     <span class='ocr_line' id='line_1_14' title="bbox 699 2747 2958 2843; baseline -0 -22"><span class='ocrx_word' id='word_1_85' title='bbox 699 2764 1073 2843; x_wconf 90' lang='lat' dir='ltr'><strong>perpetuam</strong></span> <span class='ocrx_word' id='word_1_86' title='bbox 1127 2747 1549 2823; x_wconf 86' lang='lat' dir='ltr'><strong>elemosinam</strong></span> <span class='ocrx_word' id='word_1_87' title='bbox 1603 2750 2013 2834; x_wconf 79' lang='lat' dir='ltr'><strong>contulisset,</strong></span> <span class='ocrx_word' id='word_1_88' title='bbox 2072 2772 2191 2821; x_wconf 93' lang='lat' dir='ltr'><strong>nos</strong></span> <span class='ocrx_word' id='word_1_89' title='bbox 2249 2750 2482 2821; x_wconf 87' lang='lat' dir='ltr'><strong>dictam</strong></span> <span class='ocrx_word' id='word_1_90' title='bbox 2540 2749 2958 2822; x_wconf 88' lang='lat' dir='ltr'><strong>donationem</strong></span> 
     </span>
     <span class='ocr_line' id='line_1_15' title="bbox 700 2863 2964 2955; baseline 0 -20"><span class='ocrx_word' id='word_1_91' title='bbox 700 2864 1020 2935; x_wconf 83' lang='lat' dir='ltr'><strong>voluimus</strong></span> <span class='ocrx_word' id='word_1_92' title='bbox 1053 2879 1120 2936; x_wconf 91' lang='lat' dir='ltr'><strong>et</strong></span> <span class='ocrx_word' id='word_1_93' title='bbox 1158 2863 1633 2947; x_wconf 72' lang='lat' dir='ltr'><strong>concessimuS,</strong></span> <span class='ocrx_word' id='word_1_94' title='bbox 1664 2866 1789 2934; x_wconf 83' lang='lat' dir='ltr'><strong>fide</strong></span> <span class='ocrx_word' id='word_1_95' title='bbox 1817 2864 2026 2934; x_wconf 87' lang='lat' dir='ltr'><strong>media</strong></span> <span class='ocrx_word' id='word_1_96' title='bbox 2052 2865 2506 2955; x_wconf 81' lang='lat' dir='ltr'><strong>promittentes</strong></span> <span class='ocrx_word' id='word_1_97' title='bbox 2535 2865 2708 2954; x_wconf 77' lang='lat' dir='ltr'><strong>quod</strong></span> <span class='ocrx_word' id='word_1_98' title='bbox 2738 2878 2964 2935; x_wconf 77' lang='lat' dir='ltr'><strong>contra</strong></span> 
     </span>
     <span class='ocr_line' id='line_1_16' title="bbox 702 2976 2957 3070; baseline -0 -20"><span class='ocrx_word' id='word_1_99' title='bbox 702 2978 941 3050; x_wconf 81' lang='lat' dir='ltr'><strong>dictam</strong></span> <span class='ocrx_word' id='word_1_100' title='bbox 977 2979 1387 3050; x_wconf 79' lang='lat' dir='ltr'><strong>donationem</strong></span> <span class='ocrx_word' id='word_1_101' title='bbox 1422 3002 1534 3070; x_wconf 88' lang='lat' dir='ltr'><strong>per</strong></span> <span class='ocrx_word' id='word_1_102' title='bbox 1564 3002 1683 3049; x_wconf 93' lang='lat' dir='ltr'><strong>nos</strong></span> <span class='ocrx_word' id='word_1_103' title='bbox 1715 2983 1812 3050; x_wconf 85' lang='lat' dir='ltr'><strong>vel</strong></span> <span class='ocrx_word' id='word_1_104' title='bbox 1855 3001 1967 3070; x_wconf 92' lang='lat' dir='ltr'><strong>per</strong></span> <span class='ocrx_word' id='word_1_105' title='bbox 1993 2981 2156 3049; x_wconf 80' lang='lat' dir='ltr'><strong>alios</strong></span> <span class='ocrx_word' id='word_1_106' title='bbox 2200 2980 2565 3049; x_wconf 82' lang='lat' dir='ltr'><strong>nullatenus</strong></span> <span class='ocrx_word' id='word_1_107' title='bbox 2595 2976 2957 3061; x_wconf 88' lang='lat' dir='ltr'><strong>veniemus,</strong></span> 
     </span>
     <span class='ocr_line' id='line_1_17' title="bbox 700 3091 2960 3184; baseline -0 -19"><span class='ocrx_word' id='word_1_108' title='bbox 700 3106 766 3165; x_wconf 90' lang='lat' dir='ltr'><strong>et</strong></span> <span class='ocrx_word' id='word_1_109' title='bbox 791 3095 958 3184; x_wconf 87' lang='lat' dir='ltr'><strong>quod</strong></span> <span class='ocrx_word' id='word_1_110' title='bbox 1000 3095 1272 3164; x_wconf 84' lang='lat' dir='ltr'><strong>eandem</strong></span> <span class='ocrx_word' id='word_1_111' title='bbox 1307 3096 1384 3163; x_wconf 89' lang='lat' dir='ltr'><strong>ab</strong></span> <span class='ocrx_word' id='word_1_112' title='bbox 1417 3091 1721 3162; x_wconf 81' lang='lat' dir='ltr'><strong>uxoribus</strong></span> <span class='ocrx_word' id='word_1_113' title='bbox 1751 3092 1990 3162; x_wconf 85' lang='lat' dir='ltr'><strong>nostris</strong></span> <span class='ocrx_word' id='word_1_114' title='bbox 2019 3094 2328 3163; x_wconf 83' lang='lat' dir='ltr'><strong>faciemus</strong></span> <span class='ocrx_word' id='word_1_115' title='bbox 2361 3091 2624 3162; x_wconf 88' lang='lat' dir='ltr'><strong>laudari.</strong></span> <span class='ocrx_word' id='word_1_116' title='bbox 2666 3095 2733 3162; x_wconf 92' lang='lat' dir='ltr'><strong>In</strong></span> <span class='ocrx_word' id='word_1_117' title='bbox 2773 3095 2960 3183; x_wconf 89' lang='lat' dir='ltr'><strong>cujus</strong></span> 
     </span>
     <span class='ocr_line' id='line_1_18' title="bbox 701 3204 2950 3296; baseline -0 -21"><span class='ocrx_word' id='word_1_118' title='bbox 701 3208 792 3278; x_wconf 85' lang='lat' dir='ltr'><strong>rei</strong></span> <span class='ocrx_word' id='word_1_119' title='bbox 832 3204 1209 3277; x_wconf 84' lang='lat' dir='ltr'><strong>memoriam</strong></span> <span class='ocrx_word' id='word_1_120' title='bbox 1249 3221 1312 3277; x_wconf 84' lang='lat' dir='ltr'><strong>et</strong></span> <span class='ocrx_word' id='word_1_121' title='bbox 1350 3204 1794 3276; x_wconf 77' lang='lat' dir='ltr'><strong>testImonium</strong></span> <span class='ocrx_word' id='word_1_122' title='bbox 1850 3218 2215 3296; x_wconf 82' lang='lat' dir='ltr'><strong>presentem</strong></span> <span class='ocrx_word' id='word_1_123' title='bbox 2258 3204 2552 3296; x_wconf 79' lang='lat' dir='ltr'><strong>paginam</strong></span> <span class='ocrx_word' id='word_1_124' title='bbox 2591 3206 2950 3296; x_wconf 84' lang='lat' dir='ltr'><strong>sigillorum</strong></span> 
     </span>
     <span class='ocr_line' id='line_1_19' title="bbox 703 3320 2962 3393; baseline -0.001 -1"><span class='ocrx_word' id='word_1_125' title='bbox 703 3337 1069 3393; x_wconf 88' lang='lat' dir='ltr'><strong>nostrorum</strong></span> <span class='ocrx_word' id='word_1_126' title='bbox 1111 3321 1472 3392; x_wconf 89' lang='lat' dir='ltr'><strong>munimine</strong></span> <span class='ocrx_word' id='word_1_127' title='bbox 1514 3323 1789 3392; x_wconf 83' lang='lat' dir='ltr'><strong>lecimus</strong></span> <span class='ocrx_word' id='word_1_128' title='bbox 1833 3320 2141 3393; x_wconf 87' lang='lat' dir='ltr'><strong>roborari.</strong></span> <span class='ocrx_word' id='word_1_129' title='bbox 2205 3326 2430 3392; x_wconf 82' lang='lat' dir='ltr'><strong>Actum</strong></span> <span class='ocrx_word' id='word_1_130' title='bbox 2485 3344 2655 3391; x_wconf 91' lang='lat' dir='ltr'><strong>anno</strong></span> <span class='ocrx_word' id='word_1_131' title='bbox 2707 3320 2962 3393; x_wconf 87' lang='lat' dir='ltr'><strong>Domini</strong></span> 
     </span>
     <span class='ocr_line' id='line_1_20' title="bbox 704 3434 2956 3526; baseline 0 -20"><span class='ocrx_word' id='word_1_132' title='bbox 704 3440 858 3506; x_wconf 86' lang='lat' dir='ltr'><strong>MCC</strong></span> <span class='ocrx_word' id='word_1_133' title='bbox 898 3436 1203 3507; x_wconf 89' lang='lat' dir='ltr'><strong>vicesimo</strong></span> <span class='ocrx_word' id='word_1_134' title='bbox 1232 3451 1489 3519; x_wconf 86' lang='lat' dir='ltr'><strong>octavo,</strong></span> <span class='ocrx_word' id='word_1_135' title='bbox 1526 3458 1755 3507; x_wconf 88' lang='lat' dir='ltr'><strong>mense</strong></span> <span class='ocrx_word' id='word_1_136' title='bbox 1788 3438 1979 3526; x_wconf 82' lang='lat' dir='ltr'><strong>julio.</strong></span> <span class='ocrx_word' id='word_1_137' title='bbox 2024 3437 2441 3506; x_wconf 84' lang='lat' dir='ltr'><strong>Presentibus</strong></span> <span class='ocrx_word' id='word_1_138' title='bbox 2480 3434 2956 3506; x_wconf 87' lang='lat' dir='ltr'><strong>venerabilibus</strong></span> 
     </span>
     <span class='ocr_line' id='line_1_21' title="bbox 702 3548 2962 3641; baseline -0 -21"><span class='ocrx_word' id='word_1_139' title='bbox 702 3549 853 3621; x_wconf 88' lang='lat' dir='ltr'><strong>viris</strong></span> <span class='ocrx_word' id='word_1_140' title='bbox 892 3552 1151 3621; x_wconf 82' lang='lat' dir='ltr'><strong>Arnullo</strong></span> <span class='ocrx_word' id='word_1_141' title='bbox 1191 3548 1537 3641; x_wconf 86' lang='lat' dir='ltr'><strong>capicerio,</strong></span> <span class='ocrx_word' id='word_1_142' title='bbox 1604 3553 1871 3639; x_wconf 86' lang='lat' dir='ltr'><strong>Hugone</strong></span> <span class='ocrx_word' id='word_1_143' title='bbox 1936 3549 2360 3633; x_wconf 87' lang='lat' dir='ltr'><strong>Pithverensi,</strong></span> <span class='ocrx_word' id='word_1_144' title='bbox 2416 3551 2740 3621; x_wconf 90' lang='lat' dir='ltr'><strong>Willelmo</strong></span> <span class='ocrx_word' id='word_1_145' title='bbox 2782 3553 2962 3641; x_wconf 77' lang='lat' dir='ltr'><strong>Siga-</strong></span> 
     </span>
     <span class='ocr_line' id='line_1_22' title="bbox 702 3662 2956 3755; baseline 0 -21"><span class='ocrx_word' id='word_1_146' title='bbox 702 3663 1006 3747; x_wconf 90' lang='lat' dir='ltr'><strong>loniensi,</strong></span> <span class='ocrx_word' id='word_1_147' title='bbox 1053 3667 1329 3735; x_wconf 86' lang='lat' dir='ltr'><strong>Roberto</strong></span> <span class='ocrx_word' id='word_1_148' title='bbox 1383 3663 1783 3735; x_wconf 88' lang='lat' dir='ltr'><strong>Soilliacensi</strong></span> <span class='ocrx_word' id='word_1_149' title='bbox 1838 3662 2338 3749; x_wconf 85' lang='lat' dir='ltr'><strong>archidiaconis,</strong></span> <span class='ocrx_word' id='word_1_150' title='bbox 2383 3663 2614 3734; x_wconf 88' lang='lat' dir='ltr'><strong>Garino</strong></span> <span class='ocrx_word' id='word_1_151' title='bbox 2651 3664 2956 3755; x_wconf 81' lang='lat' dir='ltr'><strong>magistro</strong></span> 
     </span>
     <span class='ocr_line' id='line_1_23' title="bbox 705 3776 2953 3869; baseline 0 -20"><span class='ocrx_word' id='word_1_152' title='bbox 705 3781 1051 3862; x_wconf 86' lang='lat' dir='ltr'><strong>scolarum,</strong></span> <span class='ocrx_word' id='word_1_153' title='bbox 1114 3778 1336 3848; x_wconf 90' lang='lat' dir='ltr'><strong>Gilone</strong></span> <span class='ocrx_word' id='word_1_154' title='bbox 1391 3780 1470 3849; x_wconf 87' lang='lat' dir='ltr'><strong>de</strong></span> <span class='ocrx_word' id='word_1_155' title='bbox 1532 3776 1822 3861; x_wconf 88' lang='lat' dir='ltr'><strong>Loriaco‚</strong></span> <span class='ocrx_word' id='word_1_156' title='bbox 1885 3777 2190 3868; x_wconf 85' lang='lat' dir='ltr'><strong>magistro</strong></span> <span class='ocrx_word' id='word_1_157' title='bbox 2253 3782 2576 3869; x_wconf 85' lang='lat' dir='ltr'><strong>Stephano</strong></span> <span class='ocrx_word' id='word_1_158' title='bbox 2634 3776 2953 3869; x_wconf 77' lang='lat' dir='ltr'><strong>Biguerel‚</strong></span> 
     </span>
     <span class='ocr_line' id='line_1_24' title="bbox 705 3891 2960 3983; baseline -0 -20"><span class='ocrx_word' id='word_1_159' title='bbox 705 3892 1030 3964; x_wconf 87' lang='lat' dir='ltr'><strong>canonicis</strong></span> <span class='ocrx_word' id='word_1_160' title='bbox 1057 3891 1650 3977; x_wconf 80' lang='lat' dir='ltr'><strong>Aurelianensibus,</strong></span> <span class='ocrx_word' id='word_1_161' title='bbox 1684 3906 1747 3963; x_wconf 84' lang='lat' dir='ltr'><strong>et</strong></span> <span class='ocrx_word' id='word_1_162' title='bbox 1775 3891 2146 3983; x_wconf 84' lang='lat' dir='ltr'><strong>Raginaldo‚</strong></span> <span class='ocrx_word' id='word_1_163' title='bbox 2196 3891 2737 3983; x_wconf 82' lang='lat' dir='ltr'><strong>archipresbitero</strong></span> <span class='ocrx_word' id='word_1_164' title='bbox 2786 3891 2960 3963; x_wconf 90' lang='lat' dir='ltr'><strong>Bitu-</strong></span> 
     </span>
     <span class='ocr_line' id='line_1_25' title="bbox 708 4025 978 4078; baseline 0 -1"><span class='ocrx_word' id='word_1_165' title='bbox 708 4025 978 4078; x_wconf 78' lang='lat' dir='ltr'><strong>ricensi.</strong></span> 
     </span>
    </p>
   </div>
  </div>
 </body>
</html>
