3485 5571
1828 648 2182 726 -302-

1914 1040 2095 1102 CCXI

1936 1315 2097 1377 1226

885 1572 1218 1645 Reglement
1244 1577 1405 1628 entre
1428 1572 1699 1645 l’eveque,
1731 1573 1786 1628 le
1811 1570 1987 1641 doyen
2018 1575 2071 1625 et
2094 1569 2176 1625 les
2204 1568 2578 1625 archidiacres
2623 1583 2765 1639 pour
2808 1567 2854 1623 le
2894 1570 3094 1638 partage

1060 1669 1159 1725 des
1195 1669 1460 1725 amendes
1490 1674 1544 1724 et
1571 1672 1760 1724 autres
1789 1682 2028 1722 revenus
2057 1665 2127 1721 de
2148 1665 2474 1736 juridiction
2504 1664 2927 1735 ecclesiastique.

1260 1811 1453 1884 (Copie
1484 1811 1724 1869 vidimee
1752 1810 1958 1884 (1468).
1987 1810 2157 1867 Arch.
2190 1809 2267 1865 du
2294 1809 2483 1867 Loiret
2513 1808 2578 1864 G.
2610 1806 2763 1878 483.)

982 2027 1339 2121 Philippus,
1376 2028 1491 2099 Dei
1519 2026 1729 2119 gracia
1756 2025 2236 2099 Aurelianensis
2266 2023 2638 2117 episcopus,
2669 2023 2957 2095 omnihus
2979 2044 3095 2114 pre-

891 2157 1114 2216 sentes
1145 2142 1392 2213 litteras
1441 2141 1836 2233 inspecturis
1874 2143 2146 2213 salutem
2186 2141 2252 2211 in
2289 2138 2590 2211 Domino.
2634 2139 2929 2210 Noverint
2976 2137 3099 2206 uui-

890 2258 1056 2329 versi
1088 2261 1256 2349 quod
1282 2259 1363 2328 de
1394 2278 1718 2329 consensu
1760 2252 2236 2327 Aurelianensis
2264 2252 2526 2344 capituli
2557 2251 2722 2324 inter
2751 2274 2887 2335 voa,
2914 2274 2982 2322 ex
2997 2273 3099 2321 una

895 2386 1095 2464 parte,
1161 2385 1227 2444 et
1291 2374 1609 2441 decanum
1657 2383 1722 2441 et
1780 2383 2031 2441 ceteros
2102 2366 2591 2439 archidiaconos
2662 2364 3102 2439 Aurelianensis

892 2487 1190 2572 ecclesie,
1235 2508 1311 2557 ex
1343 2488 1565 2567 altera,
1614 2506 1810 2576 super
1850 2482 2264 2576 proventibus
2296 2478 2763 2572 jurisdictionis
2801 2480 3104 2552 ecclesias-

894 2598 1017 2671 tice
1084 2598 1478 2690 composicio
1544 2599 1610 2668 in
1687 2611 2067 2690 perpetuum
2127 2595 2393 2670 valitura
2458 2593 2828 2667 intercessit
2869 2594 2934 2666 in
2959 2598 3100 2666 hunc

894 2717 1155 2787 modum
1244 2711 1542 2784 videlicet
1615 2715 1788 2804 quod
1838 2711 2051 2788 omnis
2131 2713 2406 2784 emenda
2463 2709 2806 2802 omnisque
2868 2734 3107 2803 proven-

896 2844 1001 2903 tus
1052 2830 1604 2920 qualitercumque
1656 2827 2019 2920 provenerit
2081 2830 2160 2900 ad
2231 2825 2721 2900 archidiaconos
2802 2830 2903 2899 vel
2965 2849 3107 2898 man-

895 2941 1112 3012 datum
1204 2939 1491 3031 ipsorum
1626 2941 2002 3012 eorumdem
2090 2938 2212 3010 erit
2274 2936 2341 3009 in
2437 2939 2716 3012 solidum
2804 2951 2870 3010 et
2943 2937 3110 3010 nichil

897 3054 1158 3127 omnino
1188 3054 1423 3147 poterit
1459 3055 1524 3126 in
1550 3051 1646 3126 eis
1683 3055 2035 3144 episcopus
2074 3054 2444 3125 reclamare.
2477 3056 2547 3124 ln
2586 3050 2714 3126 illis
2745 3073 2896 3124 vero
2930 3054 3110 3126 omni·

897 3173 1019 3241 hus
1053 3191 1181 3260 que
1219 3172 1298 3239 ad
1335 3169 1714 3259 episcopum
1777 3171 1873 3240 vel
1918 3169 2060 3258 ejus
2125 3170 2495 3240 mandatum
2538 3171 2635 3242 vel
2672 3170 2752 3240 ad
2791 3167 2987 3239 alium
3026 3189 3112 3259 per

900 3285 1080 3375 ipsos
1108 3281 1449 3358 occasione
1472 3281 1686 3356 delicti
1709 3287 1804 3354 vel
1827 3283 2102 3356 amende
2127 3282 2681 3372 qualitercumque
2704 3281 3108 3373 provenerint,

899 3397 1333 3470 archidiaconi
1373 3400 1790 3470 medietatem
1831 3399 2183 3481 habebunt,
2224 3395 2386 3470 infra
2427 3401 2723 3470 menaem
2776 3419 2813 3468 a
2852 3410 3111 3489 tempore

901 3512 1288 3605 receptionis
1328 3511 1449 3584 sibi
1491 3514 2004 3603 persolvendam.
2070 3514 2162 3584 Ad
2211 3513 2380 3584 bona
2430 3524 2646 3586 autem
2694 3511 3114 3584 intestatorum

903 3649 1031 3698 non
1062 3625 1295 3718 poterit
1330 3625 1677 3717 episcopus
1722 3627 1820 3697 vel
1868 3628 2011 3716 ejus
2044 3627 2415 3697 mandatum
2456 3649 2719 3700 manum
2771 3629 3112 3709 extendere,

903 3743 1017 3811 sed
1124 3740 1559 3812 archidiaconi
1677 3752 1925 3816 tantum
2066 3742 2163 3812 vel
2262 3741 2635 3814 mandatum
2743 3742 3113 3813 eorumdem.

902 3852 1265 3946 Episcopus
1320 3871 1563 3938 autem,
1604 3858 1719 3928 sed
1785 3879 1915 3928 non
1960 3854 2277 3939 officialis,
2337 3858 2417 3928 de
2486 3856 2780 3928 emendis
2831 3879 2953 3947 que
3023 3879 3116 3947 per

904 3970 1146 4042 curiam
1209 3992 1392 4044 suam
1449 3973 1713 4044 levande
1772 3974 2012 4042 fuerint
2067 3971 2301 4063 poterit
2340 3984 2582 4062 partem
2635 3973 2970 4044 remictere
3033 3974 3119 4043 vel

905 4084 1109 4160 eciam
1182 4098 1411 4172 totum,
1455 4084 1508 4158 si
1540 4100 1755 4160 tamen
1802 4089 1926 4158 hoc
1977 4085 2101 4158 sihi
2160 4088 2479 4162 videbitur
2529 4086 2916 4170 iaciendum,
2974 4090 3118 4159 hona

908 4202 1057 4282 fide,
1099 4221 1230 4276 non
1272 4213 1343 4270 ut
1371 4198 1965 4274 archidiaconorum
2008 4201 2322 4276 diminuat
2358 4205 2769 4291 portionem;
2816 4203 2936 4271 hoc
2970 4200 3118 4272 idem

910 4317 1137 4385 eodem
1181 4314 1372 4383 modo
1425 4328 1723 4404 poterunt
1766 4328 2212 4405 procuratores
2255 4313 2540 4406 episcopi
2598 4316 2832 4395 lacere,
2895 4316 3120 4404 quando

911 4452 1024 4500 eos
1053 4427 1458 4500 constituerit
1513 4429 1657 4522 quia
1724 4428 1808 4501 sit
1867 4431 2124 4520 longius
2188 4433 2548 4501 adfuturus.
2616 4429 2679 4499 Si
2731 4431 3122 4519 quandoper

912 4542 1289 4634 episcopum
1329 4546 1429 4614 vel
1467 4546 1606 4634 ejus
1646 4547 2015 4615 mandatum
2058 4547 2181 4614 lata
2215 4543 2401 4615 fuerit
2424 4541 2743 4615 interdicti
2775 4546 2874 4613 vel
2899 4566 3120 4614 excom-

915 4657 1370 4730 municationis
1400 4657 1717 4730 sententia
1758 4657 1822 4728 in
1862 4659 2166 4751 aliquem,
2202 4670 2268 4730 et
2324 4661 2538 4730 delata
2577 4661 2770 4729 suerit
2825 4679 3003 4728 causa
3050 4660 3116 4728 ad
