3485 5571
1405 575 1759 639 —137—

1490 898 1675 958 LXIX

1367 1124 1758 1202 Incompldte
1782 1125 1797 1156 ¹

1370 1350 1756 1432 [1122-1143]
1783 1350 1806 1382 ‘

461 1583 849 1656 Composition
880 1591 1038 1640 entre
1067 1585 1121 1640 le
1150 1585 1404 1655 chapitre
1443 1593 1497 1640 et
1544 1587 1738 1642 Simon
1768 1587 2000 1655 Mauger
2046 1601 2118 1640 au
2161 1586 2310 1656 sujet
2355 1587 2425 1641 de
2466 1585 2526 1641 la
2560 1586 2710 1641 dime

1457 1683 1712 1738 d’Olivet.

928 1828 1108 1900 ‹On-ig.
1142 1846 1189 1882 s,
1221 1829 1415 1900 parch.
1449 1829 1620 1884 Arch.
1654 1828 1730 1884 du
1759 1828 1960 1886 Loiret.
1993 1829 2058 1883 G.
2084 1829 2232 1897 358).

1365 2026 1814 2087 Cvnocmpnma

545 2280 682 2368 Ego
736 2280 1100 2367 Stephanus
1144 2282 1374 2347 Sancte
1424 2279 1651 2347 Crucis
1716 2280 2000 2348 decanus
2051 2291 2114 2349 et
2153 2291 2355 2349 totum
2416 2280 2704 2369 ejusdem

459 2392 742 2462 ecclesie
799 2390 1145 2482 capitulum
1204 2389 1505 2461 omnibus
1536 2404 1662 2461 tam
1725 2389 1979 2462 clericis
2017 2415 2204 2482 quam
2260 2390 2438 2462 laicis
2487 2405 2708 2462 notum

462 2526 611 2575 esse
641 2506 935 2574 volumus
974 2506 1145 2594 quod
1174 2502 1341 2574 inter
1378 2527 1498 2574 nos
1537 2518 1600 2575 et
1639 2503 1966 2575 Simonem
2011 2503 2206 2573 lilium
2266 2502 2539 2594 Malgerii
2580 2505 2712 2574 sin-

460 2617 634 2709 gulis
673 2615 859 2688 annis
935 2617 1013 2688 lis
1051 2631 1116 2689 et
1179 2617 1506 2689 contentio
1568 2621 1954 2688 nascebatur
2013 2619 2093 2689 de
2156 2620 2401 2689 decima
2464 2616 2711 2688 scilicet

462 2747 714 2818 nostra,
756 2754 944 2824 quam
978 2733 1145 2824 apud
1187 2746 1479 2804 sanctum
1518 2731 1849 2803 Martinum
1890 2754 2086 2824 super
2123 2730 2482 2823 Ligerulum
2515 2735 2712 2803 babe-

466 2849 697 2917 bamus
764 2861 827 2918 et
869 2869 983 2916 sua
1033 2869 1225 2936 quam
1290 2845 1528 2917 ibidem
1592 2849 1769 2937 juxta
1837 2860 2121 2917 nostram
2181 2849 2480 2929 habebat,
2538 2848 2712 2936 quod

463 2954 753 3032 vicissim
796 2959 1149 3032 servientes
1207 2960 1410 3031 nostri
1476 2974 1540 3030 et
1579 2960 1678 3031 sui
1717 2983 1859 3031 eam
1925 2959 2092 3031 sicut
2141 2959 2237 3032 eis
2300 2963 2378 3030 ad
2427 2958 2711 3030 animum

463 3073 764 3146 veniebat
829 3076 1254 3165 occupabant.
1331 3079 1534 3160 Quam
1593 3072 2077 3146 contentionem
2145 3073 2404 3166 penitus
2463 3077 2714 3145 auferre

462 3187 833 3281 cupientes,
884 3188 1208 3258 communi
1251 3186 1522 3259 consilio
1561 3202 1760 3259 totam
1815 3203 2099 3261 nostram
2154 3189 2465 3260 decimam
2524 3211 2712 3279 quam

463 3303 526 3373 in
568 3302 863 3394 predicto
904 3301 1224 3373 territorio
1262 3306 1659 3374 habebamus
1698 3327 1845 3373 cum
1886 3302 2090 3396 ipsius
2131 3303 2411 3374 Simonis
2467 3305 2715 3376 decima

470 3417 1120 3499 communicavimu8‚
1168 3430 1294 3487 tam
1335 3422 1414 3488 de
1454 3440 1754 3489 annonna
1793 3440 1979 3508 quam
2036 3420 2116 3488 de
2172 3417 2342 3503 vin0‚
2386 3442 2463 3489 eo
2524 3418 2722 3509 siqui-

465 3534 616 3603 dem
694 3543 913 3621 pacto‚
970 3532 1140 3620 quod
1180 3543 1329 3602 ante
1392 3554 1640 3602 messes
1680 3553 1800 3601 nos
1831 3530 2123 3602 canonici
2166 3530 2298 3602 sive
2354 3532 2717 3624 prepositus

466 3659 692 3717 noster
756 3645 1209 3716 decimatorem
1285 3648 1362 3715 ad
1431 3644 1737 3717 messium
1813 3644 2127 3718 decimam
2195 3649 2715 3737 congregandam

466 3782 790 3850 ponemus
829 3772 893 3829 et
923 3756 1074 3829 inde
1116 3757 1485 3829 fidelitatem
1535 3772 1599 3830 et
1639 3760 1826 3830 nobis
1888 3774 1953 3830 et
1998 3758 2239 3830 Simoni
2281 3762 2501 3843 faciet,
2541 3774 2606 3831 et
2663 3760 2717 3830 si

462 3874 616 3944 inde
644 3871 1052 3955 forisl‘ecerit‚
1092 3871 1416 3944 communi
1445 3872 1715 3945 consilio
1759 3886 1977 3944 nostro
2013 3872 2261 3944 scilicet
2304 3887 2366 3944 et
2431 3872 2711 3945 Simonis

465 4002 577 4058 aut
616 3990 969 4079 expelletur
1012 4001 1122 4057 aut
1186 3986 1569 4070 remanebit,
1610 4003 1675 4059 et
1736 3988 1791 4060 si
1831 3988 2197 4058 emendatio
2235 3988 2386 4059 iude
2454 4002 2718 4080 accepta
2799 4010 2809 4021 ’

468 4096 687 4184 tuerit,
735 4125 853 4172 uos
896 4101 1044 4171 inde
1075 4103 1235 4172 duas
1264 4115 1478 4191 partes
1511 4102 1729 4173 Simon
1772 4126 1920 4173 vero
1963 4102 2222 4190 terciam
2255 4103 2536 4173 babebit.
2567 4106 2721 4173 Post

538 4418 557 4453 ¹
602 4416 680 4471 Le
710 4417 809 4472 bas
840 4417 909 4471 de
940 4422 1081 4471 cette
1110 4417 1302 4471 charte
1332 4434 1364 4471 a
1392 4417 1481 4471 ete
1509 4418 1709 4488 coupe,

540 4506 564 4539 ²
601 4506 953 4577 Bartbelemy
1001 4522 1071 4560 ne
1122 4505 1206 4561 fut
1254 4506 1539 4561 chevecier
1580 4506 1748 4576 qu’en
1795 4506 1936 4562 1122
1958 4522 1976 4578 3
2025 4522 2126 4560 son
2167 4521 2500 4560 successeur
2540 4492 2722 4560 Raoul

471 4598 721 4668 apparalt
753 4611 898 4668 pour
926 4597 978 4650 la
1007 4596 1286 4667 premiere
1310 4595 1417 4650 fois
1446 4611 1517 4649 en
1546 4596 1707 4651 1143.
