3485 5571
1695 675 1709 688 .
1777 648 2090 711 „23-

801 778 1113 849 Berruarii
1145 802 1332 869 quam
1362 801 1552 869 supra
1585 776 1865 847 diximus
1905 775 2272 847 communis
2310 774 2767 847 canonicorum
2809 790 2873 847 et
2911 801 3031 847 mo-

799 897 1149 964 nachorum
1186 897 1350 963 facta
1382 906 1505 975 est,
1541 907 1667 962 tam
1705 891 1770 961 in
1806 892 2107 982 terragio,
2145 912 2336 981 quam
2371 890 2431 960 in
2472 892 2726 961 decima
2766 904 2828 960 et
2867 892 3031 961 omui

799 1022 1132 1100 proventu.
1202 1011 1444 1077 Rursus
1506 1008 1803 1077 canonici
1866 1020 2059 1075 totam
2117 1019 2349 1075 terram
2401 1007 2479 1076 de
2533 1004 2677 1075 villa
2717 1006 3031 1089 Gauberti,

795 1137 967 1193 extra
1016 1144 1254 1214 corpus
1312 1120 1519 1213 ipsius
1574 1124 1722 1191 ville
1776 1136 1839 1192 et
1895 1143 2216 1211 arpennos
2280 1121 2599 1211 hospitum
2654 1121 2765 1209 qui
2807 1119 3035 1210 proprii

797 1241 1031 1306 Sancte
1072 1236 1291 1306 Crucis
1329 1236 1497 1305 sicut
1552 1236 1731 1325 prius
1788 1238 2037 1305 fuerant
2085 1235 2167 1303 ita
2209 1246 2273 1304 et
2313 1233 2621 1325 deinceps
2660 1248 2874 1312 erunt,
2918 1234 3033 1304 sibi

794 1366 859 1420 et
913 1351 1246 1420 monachis
1304 1372 1709 1419 communem
1774 1350 1852 1418 de
1894 1362 2109 1420 cetero
2158 1350 2292 1419 tore
2344 1349 2410 1417 in
2467 1350 2643 1417 omni
2689 1349 2942 1418 redditu
2970 1362 3035 1418 et

787 1466 1059 1555 justicia
1113 1479 1601 1534 concesserunt.
1659 1464 1949 1534 Monachi
2009 1485 2265 1553 quoque
2305 1462 2607 1553 quicquid
2650 1463 2904 1533 decime
2965 1463 3028 1531 in

796 1581 1084 1669 predicta
1126 1580 1272 1648 vilia
1302 1581 1399 1649 ve!
1433 1579 1764 1649 territorio
1806 1580 2126 1649 habebant
2167 1600 2280 1667 pro
2306 1578 2770 1647 communitate
2795 1578 3033 1666 campi-

797 1695 996 1785 partis
1026 1716 1150 1783 que
1181 1694 1639 1763 canonicorum
1671 1705 1836 1775 erat,
1865 1692 1990 1762 sibi
2024 1706 2088 1762 et
2127 1693 2460 1762 canonicis
2499 1713 2844 1762 commune
2874 1693 3035 1761 tece-

796 1820 967 1877 runt.
1039 1805 1354 1897 Quicquid
1396 1805 1585 1876 etiam
1630 1808 1693 1875 in
1738 1820 1905 1875 terra
1945 1808 2024 1877 de
2062 1811 2455 1876 Nosemento
2494 1817 2559 1875 et
2597 1806 2665 1875 in
2707 1818 2875 1876 terra
2915 1826 3036 1897 que

795 1923 918 1992 fuit
951 1920 1237 1992 Herberti
1269 1923 1348 1992 de
1381 1923 1725 2003 Boschato,
1758 1923 1895 1991 sive
1926 1921 1993 1990 in
2035 1922 2312 2010 terragio
2343 1917 2476 1990 sive
2507 1920 2570 1988 in
2600 1918 2874 2005 decima,
2906 1941 3035 1989 mo-

798 2034 983 2105 nachi
1041 2038 1389 2117 habebant,
1446 2057 1795 2106 commune
1837 2033 2144 2125 deinceps
2202 2033 2658 2104 canonicorum
2708 2047 2772 2103 et
2813 2056 3033 2103 mona·

794 2151 1061 2220 chorum
1095 2152 1260 2239 gerit.
1302 2148 1646 2220 Sciendum
1687 2171 1943 2239 quoque
1989 2147 2137 2239 quia
2174 2152 2280 2218 1111
2336 2146 2585 2231 oscine,
2653 2170 2778 2238 que
2833 2145 3036 2219 vicine

798 2266 1135 2334 monachis
1166 2278 1372 2346 erant,
1413 2266 1489 2333 ad
1531 2266 1843 2333 culturam
1883 2262 2169 2355 ipsorum
2209 2264 2470 2353 proprie
2509 2277 2576 2334 et
2614 2260 2790 2352 quite
2833 2284 3035 2333 rema-

797 2381 1079 2459 nebuut;
1114 2381 1225 2448 sed
1260 2401 1375 2468 pro
1416 2376 1573 2468 ipsis
1606 2376 2140 2467 permutationem
2186 2377 2678 2448 convenientem
2711 2375 3035 2448 canonicis

796 2490 1051 2563 facient.
1088 2498 1227 2578 Que
1268 2490 1649 2582 permutatio
1690 2490 1744 2561 si
1786 2495 1866 2562 de
1900 2493 2153 2583 propria
2184 2505 2349 2561 terra
2386 2493 2844 2593 monachorum
2875 2494 3034 2562 tacta

794 2608 1014 2689 fuerit,
1070 2604 1432 2677 communis
1489 2607 1570 2675 de
1611 2619 1827 2676 cetero
1885 2617 2014 2676 tam
2057 2604 2391 2676 monachis
2430 2628 2618 2696 quam
2673 2604 3030 2688 canonicis,

794 2720 959 2792 sicut
1031 2718 1272 2812 reliqua
1353 2733 1545 2803 terra,
1614 2718 1758 2791 erit.
1839 2720 1903 2791 Si
1976 2722 2058 2792 de
2134 2718 2487 2806 communi,
2569 2732 2699 2791 tota
2774 2719 3032 2791 canoni·

794 2858 1017 2906 corum
1084 2835 1410 2926 proprium
1472 2836 1617 2905 erit.
1666 2840 1795 2905 Hoc
1835 2834 2024 2905 etiam
2066 2836 2364 2905 addimus
2388 2833 2535 2924 quia
2574 2833 2877 2925 quicquid
2921 2858 3030 2926 pro

795 2951 986 3020 terris
1026 2951 1175 3020 istis
1214 2951 1671 3020 communibus
1702 2951 1839 3020 sive
1880 2972 1992 3040 pro
2025 2951 2294 3019 mestiva
2321 2953 2864 3040 presbyterorum,
2899 2950 3033 3020 sive

797 3087 909 3154 pro
952 3065 1345 3134 modiatioue
1382 3064 1660 3132 militum
1696 3085 1901 3153 usque
1931 3066 2009 3132 ad
2051 3064 2224 3133 diem
2268 3065 2446 3154 pacis
2479 3065 2670 3153 hujus
2707 3086 2745 3133 a
2786 3064 3032 3154 predic-

793 3179 879 3247 tis
919 3179 1257 3248 monachis
1309 3179 1697 3261 solvebatur,
1733 3180 1815 3247 de
1865 3178 2193 3247 communi
2238 3180 2702 3248 monachorum
2739 3191 2803 3248 et
2843 3199 3031 3247 cano-

790 3293 1084 3362 nicorum
1124 3314 1388 3361 annona
1443 3292 1756 3382 deinceps
1813 3293 2138 3362 reddetur.
2194 3295 2287 3361 De
2341 3292 2652 3382 predictis
2689 3291 3031 3374 territoriis

789 3407 939 3475 istis
997 3428 1123 3496 que
1190 3403 1558 3475 communia
1624 3404 1931 3496 deinceps
1979 3420 2192 3487 erunt,
2263 3418 2461 3475 terras
2517 3428 2677 3495 quas
2737 3404 3029 3476 homiues

791 3524 1023 3590 Sancte
1064 3520 1289 3588 Crucis
1329 3521 1660 3588 coluerant
1699 3522 1938 3604 colent,
1983 3534 2046 3590 et
2093 3518 2391 3590 homines
2430 3521 2639 3590 sancti
2683 3517 3029 3590 Florentini

791 3632 1088 3703 similiter
1148 3655 1323 3702 suaS.
1391 3637 1698 3702 Graneam
1763 3655 2174 3703 communem
2233 3632 2686 3703 communibus
2735 3631 3031 3723 expensis

788 3744 1082 3816 canonici
1119 3745 1308 3816 simu!
1337 3760 1401 3816 et
1433 3745 1727 3816 monachi
1763 3762 2167 3817 construent.
2199 3751 2515 3837 Tempore
2555 3745 2890 3831 messium,
2926 3769 3028 3818 ca-

789 3858 1001 3929 nonici
1044 3857 1428 3930 servientem
1472 3884 1658 3931 suum
1701 3875 1766 3929 et
1790 3863 2089 3934 monachi
2132 3884 2318 3930 suum
2351 3864 2426 3931 ad
2461 3862 2943 3952 congregandas
2967 3875 3029 3932 et

789 3976 1249 4046 custodiendas
1284 3997 1535 4045 messes
1579 3988 1844 4066 ponent,
1903 3974 1985 4044 ita
2025 3979 2194 4065 quod
2235 3973 2524 4047 serviens
2573 3977 3027 4046 canonicorum

788 4089 1123 4159 monachis
1149 4102 1212 4157 et
1238 4088 1530 4158 serviens
1553 4092 2015 4159 monachorum
2043 4088 2374 4160 canonicis
2405 4088 2774 4160 fidelitatem
2810 4091 3022 4161 faciet.

788 4203 1089 4272 Collectis
1141 4201 1462 4272 messibus
1525 4202 1722 4272 unum
1790 4206 1884 4273 vel
1940 4206 2105 4273 duos
2167 4202 2522 4273 servientes
2596 4203 3023 4273 communiter

785 4319 1024 4407 eligent
1066 4316 1173 4406 qui
1215 4321 1376 4387 tacta
1418 4317 1720 4389 fidelitate
1761 4320 1841 4388 de
1882 4317 2220 4388 forisfactis
2259 4333 2321 4388 et
2353 4316 2610 4408 justicia
2657 4333 2722 4389 et
2763 4318 3023 4389 redditi-

787 4434 907 4501 bus
936 4434 1015 4501 ad
1046 4431 1397 4522 predictam
1432 4445 1663 4502 terram
1696 4455 2107 4503 communem
2152 4431 2620 4522 pertinentibus
2659 4454 2878 4503 curam
2917 4435 3023 4501 ha-

678 4637 687 4642 .
785 4547 1029 4614 bebunt
1070 4560 1133 4614 et
1171 4544 1505 4615 monachis
1555 4543 1704 4615 inde
1740 4547 1937 4615 simu!
1976 4560 2042 4616 et
2098 4548 2439 4617 canonicis
2502 4549 3014 4638 respondebunt.

785 4657 1135 4727 Sciendum
1185 4680 1439 4747 quoque
1496 4658 1641 4748 quia
1683 4660 1930 4728 minuta
1968 4659 2215 4729 decima
2247 4662 2326 4730 de
2375 4659 2517 4729 villa
2559 4661 2861 4730 Gauberti
2892 4681 3033 4729 mo-
