3485 5571
1382 703 1698 767 ..43-

407 852 522 900 seu
565 828 851 921 qualibet
883 827 1171 901 tarditate
1199 833 1295 900 vel
1333 829 1720 921 negligentia
1765 829 2260 915 interveniente,
2297 830 2666 905 invadendo

406 946 504 1013 vel
543 946 983 1014 subtrahendo
1009 943 1296 1025 abstulit,
1352 947 1445 1013 vel
1479 942 1532 1014 si
1574 943 1843 1034 quilibet
1889 966 1960 1015 ex
2006 944 2325 1035 praedictae
2370 945 2668 1017 ecclesiae

411 1055 753 1148 mancipiis
824 1080 1210 1148 quocunque
1290 1060 1456 1127 malo
1532 1056 1791 1149 iugenio
1855 1081 1888 1127 a
1968 1056 2229 1129 servitio
2317 1059 2522 1149 ipsius
2597 1082 2668 1131 se

406 1169 810 1253 occultavit),
845 1186 951 1241 aut
971 1175 1114 1263 suga
1144 1174 1363 1263 lapsus
1393 1171 1736 1242 substraxit
1756 1175 1808 1255 θ,
1850 1184 1916 1242 et
1947 1176 2068 1241 boc
2110 1175 2409 1262 praelatus
2445 1173 2657 1263 ipsius

408 1284 708 1358 ecclesiae
732 1287 830 1356 vel
859 1285 989 1355 sui‘
1029 1307 1441 1356 successores
1475 1308 1598 1356 una
1626 1284 1971 1356 cumsuisv·
2001 1298 2064 1355 et
2105 1284 2379 1356 testibus
2411 1285 2665 1357 idoneis

408 1401 682 1489 probare
722 1398 1069 1489 potuerint,
1103 1399 1187 1468 ita
1223 1421 1336 1489 per
1372 1401 1496 1468 hoc
1526 1398 1884 1468 altitudinis
1929 1413 2164 1468 nostrae
2209 1412 2667 1469 testamentum

406 1515 795 1604 approbent,
860 1526 924 1584 et
998 1511 1064 1581 in
1105 1512 1431 1603 integrum
1507 1536 1651 1609 quae
1719 1535 1832 1582 sua
1899 1510 2135 1582 suerint
2197 1518 2337 1603 ipsa
2404 1511 2669 1604 recipiat
2704 1569 2714 1579 .

409 1624 687 1698 ecclesia
743 1625 882 1697 sine
929 1624 1200 1718 alicujus
1240 1627 1749 1697 contradictione
1792 1628 1886 1696 vel
1926 1623 2407 1697 intermissione
2451 1638 2669 1720 potes-

408 1739 581 1810 tatis.
663 1745 898 1812 Verum
967 1755 1036 1810 ut
1083 1743 1222 1811 haec
1276 1739 1490 1811 omnia
1562 1740 1807 1810 firmius
1866 1753 2228 1818 teneantur.
2298 1739 2669 1831 quicunque

410 1870 929 1947 exsequutores*
975 1858 1168 1946 hujus
1226 1870 1464 1927 nostrae
1522 1854 1948 1939 auctoritatis,
2000 1878 2190 1945 quam
2268 1854 2354 1925 illi
2427 1869 2669 1927 sanctae

408 1969 592 2041 matri
633 1969 926 2041 ecclesiae
959 1970 1408 2057 stabilivimus,
1452 1984 1516 2045 et
1558 1974 1698 2061 ejus
1742 1970 1807 2045 in
1849 1974 2019 2043 bono
2073 1973 2401 2061 adjutores
2436 1969 2670 2042 extite-

408 2084 557 2168 rint,
627 2087 773 2167 hoS,
824 2098 1131 2175 quantum
1180 2084 1367 2156 nobis
1399 2099 1684 2175 potestas
1722 2108 1757 2154 a
1797 2088 1932 2155 Deo
1963 2107 2077 2175 per
2111 2088 2367 2154 beatum
2410 2089 2666 2156 Petrum

409 2201 643 2269 collata
684 2213 810 2287 est,
868 2198 1035 2271 sicut
1074 2213 1313 2270 sauctae
1339 2199 1645 2269 Ecclesiae
1687 2202 2016 2269 cultores⁰
2052 2197 2468 2269 absolvimus.
2519 2201 2668 2275 lllos

412 2334 563 2383 vero
625 2313 732 2404 qui
800 2311 1100 2385 contrarii
1167 2312 1452 2411 quolibet
1487 2311 2033 2396 modoextiterint,
2078 2315 2197 2382 sub
2241 2312 2666 2383 anathematis

410 2426 694 2511 vinculO,
743 2424 865 2496 nisi
930 2426 1339 2518 resipuerint,
1377 2450 1580 2520 usque
1621 2428 1684 2495 in
1727 2425 1895 2497 diem
1928 2426 2183 2501 Domini
2224 2427 2665 2519 obliguamus.

411 2543 531 2613 Pax
570 2554 637 2612 et
677 2540 876 2633 gratia
917 2539 1147 2617 Christi
1188 2540 1678 2612 observantibus
1734 2540 2224 2631 multiplicetur.
2278 2539 2607 2637 Scriptum
2638 2555 2670 2595 Ρ

412 2653 762 2740 Theodori,
833 2654 1065 2727 notarii
1127 2670 1191 2729 et
1249 2654 1676 2726 subdiaconiq
1727 2667 1969 2725 sanctae
2008 2658 2306 2729 Romanae
2333 2653 2663 2739 Ecclesiae,

413 2767 475 2839 in
544 2792 773 2841 mense
842 2768 1161 2863 januario,
1230 2768 1579 2842 indictione
1620 2768 1985 2842 undecima.
2039 2772 2210 2840 Bene
2262 2771 2491 2840 valete.
2552 2773 2671 2841 Da-

416 2895 547 2952 tum
588 2887 641 2953 V
685 2882 829 2954 idus
870 2883 1173 2974 januarii,
1214 2906 1328 2977 per
1378 2906 1635 2956 manum
1678 2881 1965 2958 Nicholai
2006 2881 2346 2976 primicerii
2389 2886 2670 2953 Summae

416 2996 801 3088 Apostolicae
860 3000 1070 3081 Sedis,
1143 3020 1312 3076 anno
1384 3002 1520 3069 Deo
1589 2997 1869 3090 propitio
1948 2996 2355 3089 pontificatus
2425 2995 2666 3067 domini

415 3113 615 3182 nostri
660 3111 888 3183 Leonis
930 3112 1249 3206 pontificis
1288 3126 1352 3184 et
1401 3112 1781 3186 universalis
1809 3111 2029 3198 sexti?
2071 3135 2248 3202 papae
2273 3110 2334 3180 in
2370 3111 2666 3181 sacratis-

419 3224 574 3298 sima
606 3227 764 3297 sede
818 3225 987 3298 beati
1044 3225 1209 3297 Petri
1264 3227 1537 3322 apostoli
1589 3224 1802 3310 tertio,
1849 3225 1910 3295 in
1965 3247 2188 3296 meuse
2217 3237 2281 3296 et
2317 3223 2666 3296 indictione

417 3339 827 3414 undecima&

484 4473 634 4524 XIX..
671 4499 733 4512 —
748 4472 803 4538 s.
832 4472 892 4534 B)
918 4472 1294 4527 occultaverit.
1321 4501 1382 4509 —
1411 4474 1463 4523 k.
1506 4475 1568 4537 B)
1604 4473 1988 4524 substraxerit.
2023 4501 2087 4513 —
2113 4476 2152 4526 l.
2189 4474 2251 4535 B)
2299 4475 2465 4525 deest.
2493 4502 2554 4513 —
2593 4491 2667 4524 m·

428 4552 493 4601 In
516 4553 691 4604 Bulla
717 4553 998 4603 Benedicti
1028 4553 1266 4604 additur
1289 4554 1649 4604 advocatis.—
1677 4569 1730 4606 n.
1757 4553 1817 4614 Β)
1839 4560 2208 4605 exsecutores.
2233 4582 2292 4591 -
2317 4569 2368 4604 ο.
2399 4557 2463 4604 In
2487 4555 2668 4604 Bulla

430 4631 700 4684 Benedicti
722 4635 955 4684 additur·
981 4635 1025 4683 ei
1050 4634 1340 4684 emendare
1363 4634 1650 4685 voluerint.
1689 4662 1746 4671 —
1772 4649 1826 4699 p.
1860 4634 1936 4696 Β)
1958 4649 2055 4700 per
2079 4649 2315 4687 manum.
2343 4662 2404 4672 —-
2427 4651 2481 4700 q.
2511 4636 2671 4685 Corr.

431 4713 708 4764 scriniarii.
735 4739 798 4754 —-
827 4729 874 4764 r.
903 4715 1056 4766 Coi-r.
1092 4714 1329 4780 septimi.
1357 4742 1421 4753 —
1442 4730 1489 4763 s.
1532 4715 1692 4766 Corr.
1727 4715 2135 4780 suprascriptis.
