3485 5571
1411 668 1770 733 ...485-

465 807 560 881 tis
588 807 744 879 viris
795 803 1119 897 magistris
1153 801 1409 887 Sancio,
1471 797 1701 870 ballivo
1740 793 1984 868 domini
2031 793 2506 866 Aurelianensis
2538 794 2713 885 epis-

444 923 634 1015 copi,
662 919 1008 993 Bartholite
1044 921 1124 1010 (t)
1178 912 1509 998 Clausarii‚
1553 911 1867 985 canonico
1922 908 2199 982 ecclesie
2240 912 2309 978 S.
2354 906 2709 979 Salvatoris

448 1038 698 1122 Blesis,
745 1048 809 1108 et
849 1033 1159 1106 michaele
1211 1028 1539 1115 Guillardi,
1584 1025 1846 1109 clerico,
1902 1047 1976 1097 ac
2015 1022 2350 1095 Guillelmo
2409 1021 2581 1093 dicto
2619 1024 2710 1093 de

450 1153 768 1239 Bangest,
797 1146 1050 1218 baillivo
1080 1145 1249 1216 dicte
1274 1141 1533 1214 domine
1561 1138 1920 1222 comitisse,
1950 1161 2099 1209 cum
2125 1135 2460 1208 Laurentio
2492 1137 2572 1207 de
2593 1140 2708 1206 Αε-

449 1261 722 1344 cheriis,
767 1259 1004 1333 clerico
1058 1255 1209 1330 dicti
1250 1258 1545 1348 magistri
1574 1250 1884 1325 Johanuis
1923 1256 2130 1334 Barat,
2165 1273 2313 1323 cum
2344 1247 2485 1321 aliis
2532 1251 2692 1320 fide·

452 1375 704 1470 dignis.

549 1496 626 1563 Et
662 1512 782 1582 ego
817 1487 1192 1561 Guillelmus
1221 1490 1302 1558 de
1336 1490 1539 1557 Bosco
1572 1481 1929 1565 communi,
1968 1479 2365 1553 Senonensis
2396 1478 2708 1561 diocesis,

450 1604 763 1688 clericus,
825 1604 1201 1675 auctoritate
1254 1612 1666 1672 sacrosancte
1732 1601 2017 1669 Romane
2071 1593 2358 1667 Ecclesie
2416 1592 2713 1685 publicus

451 1737 525 1792 et
572 1716 1046 1791 Aurelianensis
1081 1714 1254 1788 curie
1288 1713 1600 1797 notarius,
1664 1709 2002 1804 premissis
2031 1707 2275 1781 arbitrii
2319 1704 2704 1799 prolacioni,

452 1832 881 1916 confessioni,
946 1830 1355 1924 aprobacioni
1395 1843 1460 1901 et
1499 1824 1956 1917 emologationi
1996 1838 2061 1896 et
2106 1823 2249 1895 aliis
2295 1820 2457 1893 actis
2507 1844 2706 1906 anno,

452 1970 708 2033 mense,
754 1946 882 2031 die,
926 1944 1275 2018 indictione
1312 1957 1378 2015 et
1415 1947 1559 2014 loco
1590 1964 1715 2013 una
1751 1963 1896 2013 cum
1921 1937 2110 2010 dictis
2141 1936 2416 2009 testibus
2441 1957 2712 2027 presens

457 2077 727 2134 vocatus
757 2060 1037 2145 interlui,
1090 2081 1486 2151 presensque
1515 2061 1638 2129 hoc
1665 2055 1991 2147 publicum
2028 2057 2528 2125 instrumentum
2568 2073 2712 2141 pro-

454 2176 596 2270 pria
624 2199 819 2247 manu
844 2174 1073 2267 scripsi
1113 2187 1176 2246 et
1216 2172 1280 2243 in
1302 2176 1468 2244 hano
1497 2170 1818 2263 publicam
1857 2176 2121 2242 lormam
2152 2165 2397 2259 redegi,
2432 2186 2703 2257 meoque

452 2304 775 2364 consueto
824 2289 1010 2381 signo
1057 2286 1304 2380 signavi
1346 2300 1630 2378 rogatus.

1433 2657 1729 2721 CCCLXll

1051 2941 1414 3020 Boulogne,
1452 2937 1530 3002 26
1570 2938 1919 3017 sepembre
1971 2934 2125 2999 1291

453 3193 740 3248 sentence
766 3187 1034 3245 arbitrale
1061 3186 1377 3243 delimitant
1406 3186 1488 3242 les
1516 3185 1693 3241 droits
1719 3185 1788 3240 de
1805 3184 2009 3256 justice
2041 3192 2097 3241 et
2123 3193 2314 3242 autres
2346 3183 2425 3239 du
2457 3183 2706 3255 chapitre

526 3293 585 3342 et
612 3284 712 3340 des
737 3289 949 3340 comtes
978 3283 1047 3339 de
1077 3283 1229 3339 Blois
1284 3284 1317 3338 a
1359 3283 1896 3350 Nouan-sur-Loire,
1924 3283 2185 3354 acceptee
2209 3298 2313 3355 par
2331 3281 2398 3342 ‚la
2429 3286 2705 3338 comtesse

528 3381 600 3437 de
630 3380 805 3439 Blois.

922 3524 1102 3596 (Orig.
1144 3542 1191 3581 s.
1224 3525 1415 3597 parch.
1448 3524 1615 3580 Arch.
1647 3523 1726 3580 du
1755 3523 1965 3593 Loiret,
1997 3522 2062 3579 G.
2090 3521 2244 3597 356.)

547 3758 871 3833 Universis
922 3773 1259 3852 presentes
1298 3759 1541 3831 litteras
1586 3758 1977 3850 inspecturis
2016 3763 2331 3845 lohanna,
2376 3760 2704 3832 comitissa

459 3875 802 3947 Alenconis
845 3888 908 3946 et
951 3873 1177 3960 Blezis,
1221 3877 1491 3945 salutem
1524 3873 1588 3943 in
1615 3878 1922 3945 Domino.
1967 3873 2288 3946 Noveritis
2327 3878 2497 3966 quod
2555 3899 2703 3946 cum

458 3990 625 4060 inter
664 4012 811 4072 nos,
842 4011 917 4060 ex
944 4012 1065 4059 una
1096 4002 1297 4081 parte,
1322 4004 1385 4060 et
1413 3986 1813 4060 venerabiles
1829 3990 1998 4060 viros
2030 3991 2342 4059 decanum
2371 4003 2435 4060 et
2460 3988 2706 4081 capitu-

457 4105 593 4174 lum
620 4102 1094 4174 Aurelianensis
1128 4106 1430 4189 ecclesie,
1466 4126 1540 4174 ex
1563 4105 1785 4186 altera,
1829 4115 2004 4175 esset
2041 4117 2105 4174 et
2143 4101 2370 4175 fuisset
2408 4102 2516 4174 din
2568 4118 2705 4175 orta

454 4216 721 4289 materia
759 4217 1123 4308 questionis
1163 4239 1356 4309 super
1383 4217 1642 4309 justicia
1679 4232 1744 4288 et
1784 4216 2070 4288 dominio
2108 4217 2254 4289 ville
2307 4221 2385 4289 de
2423 4223 2706 4309 Noemyo

459 4354 655 4423 super
691 4330 962 4422 Ligerim
995 4346 1059 4403 et
1088 4354 1283 4423 super
1320 4331 1638 4403 territorio
1675 4346 1739 4403 et
1768 4332 2222 4424 apertinenciis
2252 4335 2539 4424 ejusdem
2583 4331 2705 4404 loci

458 4458 525 4518 et
551 4445 882 4538 parrochie
922 4447 1238 4538 ejusdem,
1277 4458 1404 4516 tam
1438 4447 1500 4516 in
1527 4444 1710 4539 aquis
1753 4470 1942 4538 quam
1986 4446 2051 4517 in
2093 4451 2308 4528 terris,
2351 4460 2414 4518 et
2453 4446 2702 4538 specia-

457 4558 605 4631 liter
633 4582 827 4651 super
858 4562 999 4651 jure
1040 4563 1208 4651 quod
1249 4576 1654 4652 nuncupatur
1691 4583 1959 4652 espaves
1983 4577 2048 4633 et
2078 4584 2272 4653 super
2300 4560 2704 4633 aluvionibus

469 4687 535 4746 et
578 4675 968 4746 acrementis
1000 4697 1165 4766 aque
1222 4674 1463 4767 Ligeris
1502 4687 1566 4748 et
1605 4698 1798 4768 super
1837 4674 2097 4768 justicia
2151 4689 2396 4768 raptus,
2456 4677 2708 4762 murtri,
