3485 5571
1711 693 1789 705 -
1832 657 1951 721 536
1980 692 2071 749 ¹-

855 799 943 868 et,
1003 785 1058 856 si
1120 784 1394 857 defficiat
1445 785 1508 855 iu
1565 783 1927 869 solucione,
1995 787 2189 857 debet
2241 783 2523 877 quinque
2590 784 2836 857 solidos
2900 808 3010 876 pro

855 901 1150 971 emenda.

767 1018 926 1087 Item
967 1011 1318 1105 capitulum
1364 1013 1576 1085 Sancti
1617 1013 1780 1084 Petri
1827 1016 2187 1086 Puellarum
2227 1037 2342 1105 pro
2381 1013 2656 1084 decimis
2690 1012 3006 1085 novalium

858 1141 1167 1199 terrarum
1209 1151 1467 1199 suarum
1509 1126 1773 1198 sitarum
1810 1129 1874 1198 in
1904 1126 2236 1221 parrochia
2278 1131 2356 1198 de
2386 1129 2713 1211 Ardonno‚
2747 1127 2810 1197 in
2852 1131 3009 1200 sesto

859 1241 1063 1313 sancti
1104 1240 1402 1331 Remigii,
1436 1245 1541 1312 XII
1578 1242 1851 1314 solidos,

771 1361 926 1428 Item
955 1357 977 1402 ¹
1019 1379 1132 1449 per
1160 1354 1704 1448 composicionem
1750 1355 1973 1427 initam
2005 1355 2172 1427 inter
2208 1355 2423 1447 ipsum
2464 1359 2778 1428 decanum
2827 1371 2891 1428 et
2921 1356 3013 1428 ci-

859 1494 969 1543 ves
1009 1473 1503 1543 Aurelianenses
1550 1469 1810 1542 racione
1851 1494 2080 1542 manus
2119 1484 2371 1542 mortue
2409 1474 2601 1542 habet
2641 1470 2780 1563 ipse
2834 1474 3012 1543 deca·

860 1610 982 1658 nus
1021 1590 1188 1678 apud
1252 1592 1577 1658 Geonnam
1619 1600 1684 1658 et
1722 1586 1878 1657 alias
1931 1586 2111 1657 villas
2172 1584 2417 1657 vicinas
2466 1601 2614 1657 octo
2675 1585 2888 1657 modia
2933 1591 3009 1658 ad

857 1722 1226 1771 mensuram
1259 1703 1337 1771 de
1370 1700 1788 1790 Balgenciaco
1828 1700 2130 1771 frumenti
2167 1698 2335 1791 puri,
2379 1702 2549 1770 mina
2590 1699 2867 1791 qualibet
2917 1724 3011 1771 va·

854 1817 1029 1886 lente
1068 1817 1322 1885 duobus
1362 1813 1640 1885 denariis
1682 1818 1899 1885 miuus
1938 1816 2016 1885 de
2056 1816 2290 1898 electo,
2323 1816 2647 1885 reddenda
2676 1818 2842 1905 apud
2874 1819 3008 1885 Bal·

857 1929 1230 2019 genciacum
1282 1927 1346 1997 in
1389 1932 1551 1999 festo
1597 1928 1805 1999 sancti
1864 1927 2141 2019 Remigii
2183 1941 2247 1999 et
2287 1928 2390 2000 die
2434 1927 2756 2019 sequenti,
2797 1941 2862 1999 et
2900 1934 3005 2019 qui

856 2041 1071 2113 deficit
1107 2041 1172 2111 in
1202 2040 1534 2113 solucione
1575 2045 1767 2113 debet
1803 2042 2085 2132 quinque
2127 2042 2370 2113 solidos
2410 2064 2523 2134 pro
2553 2043 2851 2112 emenda.

767 2160 923 2226 Item
964 2178 1157 2246 super
1206 2154 1472 2246 lestagio
1515 2155 1684 2227 dicte
1726 2155 1874 2226 ville
1927 2159 2006 2227 de
2056 2155 2500 2246 Balgenciaco‚
2544 2155 2608 2225 in
2641 2154 2812 2226 dicto
2853 2159 3005 2227 sesto

855 2271 1063 2341 sancti
1103 2269 1397 2360 Remigii,
1442 2274 1494 2341 X
1522 2272 1741 2340 libras.

765 2388 921 2456 Item
953 2407 1149 2477 super
1178 2385 1433 2474 botagio
1482 2383 1650 2454 dicte
1681 2383 1855 2466 ville,
1899 2381 2094 2454 tercia
2125 2383 2229 2454 die
2267 2387 2362 2454 vel
2404 2396 2624 2474 quarta
2654 2397 2797 2476 post
2838 2397 3006 2455 octo-

857 2502 969 2569 bas
1000 2500 1169 2569 beati
1202 2498 1444 2569 Martini
1483 2497 1778 2589 yemalis‚
1818 2500 2041 2568 decem
2093 2497 2310 2568 libras,

763 2618 840 2687 Et
877 2615 932 2685 si
985 2614 1154 2685 dicte
1199 2613 1423 2704 viginti
1463 2615 1621 2684 libre
1686 2613 1882 2684 dictis
1919 2614 2213 2684 terminis
2255 2636 2381 2683 non
2424 2616 2776 2695 solvantur,
2822 2616 3004 2685 debet

855 2728 1155 2801 dominus
1195 2731 1273 2800 de
1315 2727 1734 2818 Balgenciaco
1768 2726 1939 2799 dicto
1981 2730 2251 2814 decano,
2289 2750 2401 2818 pro
2431 2726 2714 2819 qualibet
2754 2726 2858 2800 die
2886 2751 3004 2820 qua

854 2844 917 2914 in
983 2843 1316 2914 solucione
1387 2842 1818 2936 predictorum
1897 2840 2202 2925 defficiet‚
2277 2839 2498 2932 viginti
2576 2840 2821 2913 solidos
2895 2864 3001 2933 pro

853 2957 1151 3027 emenda.

765 3074 923 3141 Item
949 3071 1117 3160 apud
1145 3067 1495 3140 Floriacum
1530 3071 1576 3138 C
1616 3072 1693 3139 III
1734 3092 1790 3139 s,
1828 3071 1955 3139 Vlll
1991 3071 2055 3139 d.
2092 3091 2359 3153 census,
2393 3068 2683 3140 solvendi
2721 3066 3001 3139 terminis

857 3185 962 3276 qui
1036 3197 1389 3274 sequntur:
1452 3182 1747 3255 videlicet
1796 3185 1863 3253 in
1928 3187 2090 3255 sesto
2157 3183 2361 3254 sancti
2429 3186 2677 3255 Andree
2740 3181 3001 3275 apostoli

854 3304 1067 3372 XXIIII
1100 3322 1154 3370 s.
1200 3313 1264 3369 et
1301 3301 1408 3367 IlII
1435 3299 1498 3367 d.

860 3415 1011 3487 item
1038 3413 1101 3483 in
1141 3417 1302 3484 festo
1344 3410 1550 3482 saneti
1593 3411 1798 3482 Albini
1846 3415 2272 3490 tantumdem,

859 3529 1010 3599 item
1053 3526 1115 3596 in
1156 3530 1318 3597 festo
1361 3524 1841 3596 Purificacionis
1900 3529 2084 3598 beate
2125 3530 2317 3598 Marie
2373 3529 2582 3597 XXVII
2628 3548 2688 3596 s.
2733 3540 2795 3596 et
2836 3529 2913 3596 VI
2946 3527 3002 3593 d.

855 3644 1010 3713 item
1045 3644 1111 3712 iu
1140 3639 1483 3711 Nativitate
1523 3641 1695 3710 beati
1730 3643 2049 3711 Johannis
2079 3643 2365 3731 Baptiste
2408 3641 2833 3711 tantumdem.

770 3761 844 3828 Et
869 3755 974 3847 qui
1010 3754 1245 3825 defficit
1287 3754 1350 3823 in
1390 3756 1727 3824 solucione
1762 3753 1910 3824 dicti
1949 3776 2185 3825 census
2213 3768 2466 3825 tenetur
2503 3753 2563 3822 in
2605 3755 2892 3844 quinque
2914 3776 3010 3822 so-

860 3869 1006 3940 lidis
1056 3892 1167 3962 pro
1201 3871 1472 3939 emenda
1514 3866 1707 3958 priori
1751 3867 1964 3938 Sancti
1998 3867 2311 3952 Gervasfi,
2356 3870 2420 3937 in
2464 3870 2651 3959 cujus
2692 3868 3003 3939 treffundo

860 3998 923 4057 et
950 3984 1201 4077 justicia
1231 3981 1595 4053 consistunt
1632 3996 1799 4053 terre
1836 3985 1914 4052 de
1940 3981 2174 4072 quibus
2199 3981 2410 4053 dictus
2448 4004 2685 4053 census
2720 3984 3006 4063 debetur,

863 4115 927 4171 et
956 4102 1147 4171 debet
1186 4101 1392 4169 facere
1431 4099 1706 4187 gaudere
1750 4097 1987 4168 dictum
2030 4100 2341 4168 decanum
2371 4099 2451 4167 de
2492 4096 2664 4168 dicto
2702 4119 2926 4168 censu.

774 4220 928 4286 Item
971 4238 1164 4307 super
1214 4212 1500 4303 quolibet
1550 4214 1734 4283 stallo
1787 4209 1850 4281 in
1906 4234 2033 4310 quo
2082 4213 2265 4282 sedet
2323 4210 2557 4302 aliquis
2608 4233 2906 4303 campsor
2950 4209 3007 4279 in

847 4598 864 4632 ¹
902 4597 999 4653 En
1025 4613 1232 4666 marqe
1282 4615 1296 4653 ε
1345 4596 1425 4651 De
1452 4594 1560 4651 hoc
1594 4592 1775 4650 habeo
1805 4593 2030 4649 literam
2064 4593 2374 4665 empcionis
2404 4598 2529 4648 octo
2558 4591 2873 4656 modiorum
2904 4591 3012 4647 fru-

779 4686 973 4744 menti,
