3485 5571
1787 633 2146 699 —208—

844 760 1066 834 Crucis
1102 760 1582 834 Aurelianensis
1611 784 1735 834 nec
1789 783 2164 854 campsores
2226 783 2375 834 eum
2434 762 2517 832 de
2559 773 2776 833 cetero
2836 771 3107 852 possent

843 876 1186 948 convenire
1223 879 1381 969 quin
1437 899 1549 948 eos
1586 879 1867 948 traheret
1918 877 2000 946 ad
2040 876 2493 948 cambiendum
2537 875 2944 966 ubicumque
2982 874 3105 944 vel-

812 992 952 1061 let.
1018 996 1243 1063 Actum
1302 992 1472 1082 apud
1526 992 1874 1082 Capellam,
1925 1013 2094 1062 anno
2146 989 2347 1082 gratie
2387 994 2463 1060 M-
2531 992 2682 1073 (ἔθ’,
2745 988 2940 1081 regni
3007 987 3107 1058 sui

846 1107 1087 1174 xx·11·.
1153 1106 1338 1191 Quod
1399 1118 1469 1174 ut
1534 1118 1913 1196 perpetuum
1975 1106 2168 1175 robur
2245 1102 2558 1187 obtineat,
2634 1102 2828 1195 sigilli
2901 1101 3106 1173 nostri

858 1216 1214 1290 munimine
1240 1216 1510 1289 fecimus
1533 1216 1853 1291 roborari.

1835 1608 2074 1671 CXXVJ

1891 1883 2047 1947 1201

855 2137 1106 2208 Hugues,
1137 2134 1349 2207 eveque
1378 2134 1693 2204 d’Orleans,
1725 2134 1962 2190 accorde
1990 2149 2063 2190 au
2089 2134 2347 2206 chapitre
2371 2134 2454 2190 les
2481 2133 2759 2191 oblations
2787 2140 2844 2191 et
2870 2148 3112 2190 menues

922 2232 1106 2287 dimes
1134 2230 1205 2287 de
1234 2231 1793 2290 Nouan·le-Fuzelier
1834 2230 2136 2302 possedees
2166 2231 2562 2287 actuellement
2591 2247 2663 2287 ou
2693 2230 2834 2287 dans
2878 2230 3114 2287 l’avenir

921 2345 1027 2401 par
1055 2328 1091 2382 J
1097 2344 1224 2396 ean,
1247 2327 1592 2383 archidiacre
1621 2328 1692 2383 de
1724 2327 1900 2397 Sully,
1934 2343 2004 2383 en
2025 2327 2273 2398 echange
2304 2327 2405 2383 des
2422 2327 2665 2383 services
2688 2328 2975 2397 religieux
3005 2339 3115 2397 que

924 2440 988 2480 ce
1016 2423 1245 2480 dernier
1274 2424 1623 2480 ordonnera.

1371 2594 1551 2668 (Orig.
1579 2612 1627 2653 s.
1655 2597 1874 2667 pat-ch„
1906 2595 2078 2652 Arch.
2111 2595 2326 2664 Loiret,
2356 2594 2423 2650 G.
2455 2594 2589 2667 356)

946 2841 1152 2928 lingo,
1183 2835 1299 2908 Dei
1324 2833 1526 2927 gratia
1565 2834 2040 2907 Aurelianensis
2077 2833 2447 2927 episcopus,
2490 2833 2792 2906 omnibus
2831 2838 2909 2906 ad
2943 2855 3109 2926 quos

855 2964 1194 3043 presentes
1253 2948 1463 3022 littere
1505 2950 1909 3042 pervenerint
1969 2950 2034 3020 in
2091 2963 2493 3041 perpetuum.
2537 2953 2770 3021 Notum
2827 2951 3108 3020 facimus

853 3064 1263 3159 presentibus
1300 3077 1367 3136 et
1422 3063 1652 3135 futuris
1691 3067 1862 3155 quod
1916 3062 2222 3156 quicquid
2262 3064 2668 3135 oblacionum
2729 3078 2796 3135 et
2842 3063 3114 3134 minuta-

853 3201 994 3248 rum
1063 3177 1456 3251 decimarum
1525 3177 1802 3248 dilectus
1866 3175 2389 3267 consanguineus
2460 3190 2683 3248 noster
2745 3179 3098 3262 lohannes,

854 3290 1333 3364 Aurelianensis
1373 3293 1651 3364 ecclesie
1681 3289 2074 3362 Soliacensis
2105 3290 2625 3376 archidiaconus,
2670 3289 2732 3361 in
2772 3289 3104 3383 parrochia

851 3410 932 3478 de
969 3405 1262 3492 Noemio,
1305 3406 1370 3477 in
1424 3406 1947 3479 archidiaconatu
1987 3429 2131 3493 suo,
2176 3404 2600 3478 constitutum
2661 3401 3010 3496 acquisivit
3045 3417 3107 3475 et

850 3520 1156 3613 quicquid
1195 3521 1430 3593 ibidem
1481 3520 1851 3613 acquisierit
1891 3520 1955 3591 in
1988 3525 2296 3606 futurum,
2347 3523 2428 3591 ad
2464 3542 2690 3612 preces
2728 3533 2792 3591 et
2832 3519 3093 3613 peticio·

852 3657 999 3707 nem
1057 3634 1263 3727 ipsius
1314 3635 1624 3708 Jobannis
1663 3633 1939 3707 ecclesie
1999 3632 2324 3706 salutifere
2364 3636 2591 3706 Crucis
2630 3629 3104 3706 Aurelianensis

850 3749 1274 3822 concedimus
1326 3748 1827 3821 irrevocabiliter
1865 3763 1929 3821 et
1970 3748 2234 3840 pacifice
2279 3762 2588 3841 perpetuo
2642 3746 3102 3840 possidendum

850 3865 932 3936 ad
992 3862 1202 3937 divina
1264 3862 1506 3935 ibidem
1577 3866 1964 3936 celebranda
2026 3875 2217 3955 prout
2264 3861 2403 3955 ipse
2468 3865 2795 3935 lohannes
2860 3860 3104 3936 duxerit

848 3977 1301 4052 ordinandum.
1363 3981 1548 4065 Quod
1588 3992 1655 4049 ut
1709 3991 1923 4049 ratum
1965 3992 2255 4050 teneatur
2308 3991 2374 4049 et
2413 3976 2641 4050 stabile
2701 3991 3091 4069 perseveret,

851 4107 1222 4188 presentem
1253 4093 1548 4186 paginam
1591 4092 1824 4165 litteris
1858 4106 2229 4165 annotatam
2260 4090 2450 4184 sigilli
2503 4090 2703 4164 nostri
2744 4095 3115 4165 munimine·

849 4209 1121 4282 fecimus
1158 4207 1546 4280 confirmari.
1574 4211 1797 4280 Actum
1827 4230 1997 4280 anno
2023 4205 2495 4279 incarnacionis
2519 4205 2855 4280 Dominice
2893 4205 3100 4279 mille·-

854 4324 1021 4407 simo
1071 4326 1171 4395 CC
1212 4321 1440 4416 primo.
