3485 5571
1356 652 1714 715 -457-

368 776 688 847 habebat
716 790 824 847 aut
866 779 1098 848 babere
1141 791 1387 869 poterat
1420 782 1512 850 vel
1549 782 1821 851 debebat
1878 783 1945 850 in
1998 779 2166 850 dicta
2213 777 2460 851 decima
2509 803 2662 872 qua-

370 913 689 982 cumque
729 914 803 962 ex
843 914 1033 962 causa
1077 895 1172 963 vel
1201 891 1457 963 racione
1497 895 1672 965 dicto
1703 893 1981 985 capitulo
2041 893 2350 978 vendidit,
2411 898 2660 985 quicta-

369 1004 485 1074 vit
538 1005 792 1095 penitus
822 1020 883 1076 et
924 1004 1392 1097 imperpetuum
1447 1005 1685 1077 dimisit
1730 1031 1842 1098 pro
1898 1021 2155 1078 centum
2211 1007 2437 1078 solidis
2492 1007 2662 1100 pari-

370 1117 747 1203 siensium,
792 1120 871 1189 de
901 1118 1134 1210 quibus
1174 1119 1344 1189 idem
1374 1124 1700 1191 lohannes
1735 1143 1952 1191 coram
1996 1120 2180 1191 nobis
2203 1143 2273 1191 se
2315 1120 2517 1191 tenuit
2548 1144 2661 1211 pro

371 1246 636 1323 pagato
663 1231 725 1301 in
756 1236 1025 1323 pecunia
1059 1248 1410 1312 numerata,
1438 1233 1818 1325 exceptioni,
1842 1245 2018 1305 etc...
2049 1233 2458 1322 PromittenS,
2484 1245 2657 1307 εἰσ...

372 1344 708 1417 Promisit
747 1345 1011 1438 insuper
1050 1347 1218 1418 idem
1261 1350 1587 1419 lohannes
1639 1371 1748 1438 per
1803 1350 2047 1419 dietum
2108 1352 2540 1440 juramentum
2592 1372 2663 1420 se

374 1462 719 1530 facturum
750 1476 813 1532 et
847 1475 1213 1532 curaturum
1246 1484 1394 1552 erga
1445 1461 1871 1544 Gaufl'ridum,
1913 1465 2169 1534 fratrem
2213 1487 2403 1534 suum
2461 1463 2666 1535 mino-

373 1596 568 1667 rem,
608 1577 780 1665 quod
810 1574 1022 1645 omnia
1054 1589 1117 1647 et
1156 1574 1405 1666 singula
1434 1576 1823 1666 supradicta,
1860 1579 2117 1667 quando
2147 1579 2226 1647 ad
2269 1591 2497 1648 etatem
2525 1600 2663 1669 per-

374 1688 644 1772 veniet,
687 1691 1055 1775 ratifieabit‚
1087 1688 1369 1760 laudabit
1407 1704 1471 1760 et
1500 1688 1689 1760 etiam
1715 1690 2120 1781 approbabit,
2151 1705 2215 1762 et
2240 1694 2409 1782 quod
2433 1706 2654 1762 contra

375 1828 535 1876 non
572 1805 788 1877 veniet.
824 1806 1036 1897 aliquo
1067 1808 1241 1898 jure,
1280 1806 1527 1878 ratione
1567 1806 1834 1878 minoris
1874 1810 2064 1879 etatis
2127 1831 2241 1879 seu
2287 1810 2410 1878 alia
2466 1830 2660 1879 causa

376 1922 497 1991 vel
534 1921 739 1991 eciam
782 1920 1050 1991 ratione.
1099 1925 1391 1992 Preterea
1449 1926 1682 2012 Agnes,
1737 1921 1955 1992 relicta
1999 1924 2306 1992 Gaufl'ridi
2365 1924 2657 1993 Paleteau

377 2046 738 2124 materque
777 2034 933 2104 dicti
970 2034 1304 2117 lobannis,
1349 2033 1561 2105 omnia
1613 2048 1678 2105 et
1739 2033 1989 2125 singula
2046 2036 2415 2127 supradicta
2475 2047 2662 2127 prout

378 2160 558 2217 sunt
597 2148 892 2239 superius
952 2171 1252 2239 expressa
1324 2170 1537 2219 coram
1591 2143 1780 2219 nobis
1843 2149 2140 2231 laudavit,
2204 2149 2536 2220 ratificavit
2594 2162 2657 2219 et

377 2260 609 2332 eciam
640 2264 1041 2353 approbavit,
1070 2277 1135 2333 et
1172 2260 1472 2355 promisit
1503 2285 1616 2353 per
1650 2264 1841 2333 fidem
1884 2286 2063 2334 suam
2097 2264 2161 2333 in
2203 2286 2393 2334 mauu
2435 2277 2654 2334 nostra

378 2397 604 2466 super
641 2379 762 2447 hoc
814 2376 1229 2468 corporaliter
1290 2374 1620 2467 prestitam
1680 2399 1754 2448 se
1815 2392 2039 2447 contra
2116 2400 2243 2448 non
2322 2391 2650 2449 venturam

380 2492 664 2561 racione
694 2489 862 2561 dotis
890 2494 987 2563 vel
1030 2490 1310 2562 dotalicii
1359 2489 1624 2562 nomine
1685 2513 1799 2562 seu
1861 2489 1986 2561 alio
2042 2494 2211 2582 Jure‚
2290 2514 2483 2563 causa
2561 2495 2656 2562 vel

379 2605 593 2676 etiam
628 2605 900 2675 ratione.
938 2610 1031 2676 De
1071 2607 1304 2696 quibus
1343 2602 1647 2676 omnibus
1685 2618 1751 2676 et
1776 2603 2050 2696 singulis
2090 2605 2397 2696 predictis
2426 2621 2654 2679 tenen-

381 2718 498 2790 dis
523 2716 954 2810 adimplendis
993 2718 1057 2790 in
1087 2734 1467 2811 perpetuum
1512 2720 1936 2791 observandis
1966 2734 2032 2791 et
2065 2722 2143 2792 de
2172 2743 2300 2792 non
2333 2719 2652 2793 veniendo

381 2847 622 2907 contra
657 2837 971 2906 Robertus
1009 2837 1089 2907 de
1121 2839 1293 2907 Beon
1326 2849 1402 2906 et.
1430 2838 1748 2906 Hubertus
1802 2837 1881 2906 de
1921 2839 2397 2926 Mongauguier‚
2444 2839 2653 2927 patrui

382 2972 512 3021 seu
555 2951 894 3021 advunculi
932 2948 1083 3021 dicti
1120 2953 1461 3036 lobannis,
1506 2973 1655 3042 erga
1717 2953 1960 3022 dictum
2017 2954 2368 3043 capitulum
2436 2974 2652 3024 coram

385 3061 589 3134 nobis
664 3086 737 3136 se
795 3063 1265 3137 constituerunt
1341 3068 1779 3157 fidejussores,
1848 3076 2023 3137 etc...
2084 3069 2157 3136 Et
2226 3065 2643 3138 renunciave-

381 3192 749 3262 runt‚etc...
780 3180 843 3250 ln
871 3182 1056 3271 cujus
1082 3180 1172 3252 rei
1204 3180 1574 3253 memoriam
1612 3196 1676 3253 et
1702 3179 2143 3253 testimonium
2173 3183 2252 3252 ad
2273 3179 2653 3272 requisicio-

386 3315 545 3364 nem
579 3292 896 3364 dictorum
937 3293 1272 3378 lobanni8‚
1305 3295 1565 3386 Agnetis
1595 3309 1656 3366 et
1702 3298 2152 3387 fidejussorum
2217 3295 2656 3386 predictorum

386 3406 609 3498 sigilla
653 3422 868 3479 nostra
908 3407 1315 3500 presentibus
1353 3408 1581 3481 litteris
1620 3411 1920 3479 duximus
1959 3411 2364 3500 apponenda.
2408 3414 2639 3480 Datum

384 3534 455 3592 et
477 3534 694 3591 actum
712 3545 881 3594 anno
906 3521 1158 3592 Domini
1186 3527 1263 3592 Μο
1283 3522 1730 3594 ducentesimo
1759 3521 2237 3614 septuagesimo
2262 3537 2514 3602 octavo,
2540 3527 2646 3596 die

387 3636 653 3708 veneris
684 3652 830 3729 post
870 3643 1100 3708 testum
1150 3641 1585 3729 apostolorum
1629 3636 1794 3708 Petri
1834 3651 1899 3707 et
1949 3636 2148 3722 Pauli,
2189 3660 2412 3708 meuse
2455 3637 2644 3729 Junii.

389 3755 709 3822 Rasuram
738 3755 751 3788 ¹
781 3754 1327 3824 admortificamus
1367 3755 1833 3843 approbamus.
1879 3755 2110 3822 Datum
2152 3765 2466 3842 utsupra.

456 4671 474 4706 ¹
521 4670 644 4727 Une
671 4677 865 4728 rature
896 4687 1007 4743 que
1031 4677 1190 4744 porte
1220 4671 1519 4744 l’original.
