3485 5571
1378 685 1737 760 ,-·197—

422 822 560 892 nis.
607 819 766 907 Quia
795 841 944 891 vero
982 818 1436 911 cognovimuS,
1477 838 1593 907 per
1623 832 2097 888 sacramentum
2128 830 2193 887 et
2230 815 2678 889 testimonium

420 933 868 1028 predictorum
909 931 1209 1019 militum,
1277 930 1368 1003 rei
1427 932 1763 1002 veritatem
1822 952 1894 1002 se
1936 930 2019 1001 ita
2067 934 2327 1013 habere,
2384 933 2681 1004 nolentes

419 1050 612 1142 quod
640 1046 999 1139 calumpnia
1029 1045 1334 1137 deinceps
1372 1047 1584 1136 aliqua
1619 1045 1858 1117 oriatur
1903 1067 2098 1138 super
2143 1044 2271 1117 illis
2311 1044 2682 1117 hominibus

424 1168 672 1234 Sancte
712 1163 962 1245 CruciS‚
1005 1164 1300 1233 volumus
1341 1173 1411 1231 ut
1439 1160 1715 1232 ecclesia
1757 1161 1988 1231 habeat
2045 1181 2159 1231 eos
2197 1159 2462 1231 firmiter
2518 1159 2685 1232 sicut

422 1275 735 1349 homines
766 1298 921 1348 suos
972 1282 1051 1348 de
1099 1296 1371 1367 corpore
1419 1272 1559 1346 sine
1598 1271 2136 1358 contradictione,
2178 1271 2319 1346 sine
2349 1273 2582 1366 placito
2621 1287 2688 1345 et

425 1388 583 1461 sine
622 1411 847 1482 campo
876 1403 941 1461 et
967 1387 1110 1460 sine
1141 1390 1382 1460 duello.
1412 1390 1597 1475 Quod
1630 1401 1698 1458 ut
1727 1401 2099 1480 perpetuam
2133 1400 2195 1460 et
2220 1386 2678 1460 inconcussam

425 1505 728 1576 obtineat
778 1502 1216 1587 stabilitatem,
1264 1500 1452 1594 sigilli
1486 1504 1692 1574 nostri
1731 1504 2120 1573 authoritate
2158 1515 2223 1573 et
2261 1501 2418 1593 regii
2482 1500 2691 1573 nomi-

429 1620 544 1690 nis
576 1631 894 1690 caractere
918 1618 1191 1689 interius
1217 1630 1522 1689 annotato
1558 1629 1925 1709 presentem
1958 1613 2253 1707 paginam
2279 1617 2689 1708 precepimus

432 1731 833 1804 confirmari.
885 1737 1109 1804 Actum
1147 1730 1353 1819 Aneti,
1413 1753 1580 1802 anno
1641 1729 1955 1802 incarnati
2006 1729 2195 1802 Verbi
2244 1732 2690 1815 MCLXXXXV‚

428 1846 625 1939 regni
673 1845 875 1918 nostri
914 1869 1084 1918 anno
1144 1850 1299 1920 XVI.
1351 1845 1720 1917 Astantibus
1769 1847 1839 1916 in
1877 1842 2113 1937 palatio
2151 1857 2375 1917 nostro
2414 1866 2690 1937 quorum

431 1960 702 2034 nomina
741 1959 1085 2053 supposita
1114 1975 1267 2033 sunt
1313 1975 1377 2032 et
1406 1959 1614 2052 signa.

527 2074 831 2167 Dapil'ero
866 2078 1068 2146 nullo.

532 2195 603 2263 S.
646 2189 953 2261 Gnidonis
981 2188 1372 2261 buticularii.

533 2309 602 2375 S.
635 2302 863 2375 Mathei
911 2301 1269 2376 camerarii.

532 2424 600 2492 S.
633 2417 948 2491 Droconis
982 2417 1463 2490 constabularii.

532 2536 692 2605 Data
728 2550 993 2605 vacante
1022 2532 1427 2605 cancellaria.

1472 2850 1649 2911 CXVI

1476 3114 1635 3178 1196

421 3358 728 3429 Arbitrage
756 3359 931 3414 flxant
964 3359 997 3412 a
1037 3357 1144 3415 200
1185 3358 1352 3414 livres
1394 3358 1447 3413 le
1492 3358 1681 3414 rachat
1722 3358 1822 3414 des
1861 3359 2110 3415 maisons
2149 3359 2477 3416 claustrales
2505 3366 2555 3416 et
2582 3361 2681 3417 des

505 3454 695 3525 vignes
742 3453 1061 3526 dependant
1101 3456 1169 3510 de
1212 3455 1265 3510 la
1312 3454 1631 3510 succession
1678 3455 1748 3512 de
1789 3454 2170 3512 l'archidiacre
2213 3457 2510 3514 Bouchard
2560 3463 2615 3514 et
2656 3459 2689 3512 a

502 3551 578 3608 60
602 3567 738 3607 sous
769 3550 823 3606 la
860 3550 1218 3607 distribution
1247 3551 1280 3606 ὰ
1308 3550 1446 3607 faire
1476 3568 1546 3606 en
1575 3567 1678 3607 son
1707 3551 2086 3608 anniversaire
2115 3557 2170 3609 et
2198 3569 2268 3608 en
2296 3552 2442 3609 celui
2480 3553 2550 3609 de
2580 3569 2685 3609 son

505 3648 690 3716 oncle,
723 3648 959 3719 Hugnes
998 3646 1075 3703 dn
1103 3646 1356 3711 Puiset1,
1384 3648 1597 3719 aveque
1620 3648 1690 3704 de
1719 3648 1991 3705 Durham.

1052 3793 1233 3865 (Orig.
1269 3794 1440 3849 Arch.
1472 3794 1549 3850 du
1580 3793 1784 3861 Loiret‚
1813 3796 1881 3850 G.
1910 3794 2062 3864 268).

521 4012 690 4093 Odo,
741 4008 855 4082 Dei
887 4009 1082 4102 gratia
1123 4008 1501 4082 Parisiensis
1522 4012 2122 4098 electuS‚omnibus
2155 4010 2221 4081 in
2252 4027 2670 4105 perpetuum.

432 4131 594 4199 Cum
633 4126 909 4197 dilectus
942 4125 1006 4196 in
1039 4125 1291 4197 Christo
1326 4128 1725 4212 Buchardu3‚
1769 4126 2250 4198 Aurelianensis
2278 4128 2680 4200 archidiaco-

432 4264 587 4323 nus,
638 4244 809 4313 bone
847 4238 1154 4312 memorie
1185 4239 1705 4332 consanguineus
1744 4253 1988 4325 noster,
2050 4240 2115 4311 in
2159 4255 2439 4314 extreme
2491 4265 2683 4334 egre·

512 4554 532 4590 ¹
569 4554 640 4610 Et
666 4570 781 4610 non
828 4554 899 4610 de
943 4555 1166 4630 Puisac,
1210 4571 1428 4612 comme
1477 4556 1657 4611 l'dcrit
1714 4556 1906 4627 Gams,
1957 4574 2011 4629 p.
2039 4556 2161 4613 187.
2199 4557 2245 4614 Il
2293 4556 2430 4612 etait
2458 4564 2609 4615 mort
2634 4559 2688 4615 le

442 4645 476 4698 3
504 4661 657 4700 mars
679 4644 844 4715 1195,
876 4647 1040 4718 apres
1067 4645 1222 4701 avoir
1271 4646 1481 4718 occupe
1509 4646 1563 4701 le
1591 4647 1744 4717 siege
1775 4647 1846 4702 dc
1873 4647 2126 4704 Durham
2157 4648 2285 4719 plus
2313 4647 2383 4703 de
2407 4653 2687 4721 quarente

443 4749 563 4792 ωε.
