3485 5571
1364 672 1721 737 —433-

419 795 484 866 in
526 810 741 867 nostra
782 797 1102 888 presentia
1133 800 1522 871 constitutus
1561 799 1871 870 Guiardus
1912 802 1991 871 de
2051 800 2280 870 Tribus
2340 800 2651 883 sontibus,

421 909 826 991 domicellus,
878 909 1161 1003 quinque
1214 913 1464 985 modios
1522 917 1649 985 duo
1712 912 1981 984 sexteria
2045 927 2173 984 tam
2242 914 2406 983 bladi
2476 936 2664 1003 quam

418 1047 617 1096 avene
655 1026 735 1095 ad
779 1048 1142 1097 mensuram
1184 1032 1630 1120 Stampensem
1675 1040 1740 1098 et
1780 1025 2080 1117 quicquid
2113 1030 2385 1098 habebat
2434 1043 2498 1098 et
2529 1050 2668 1119 per-

417 1138 696 1231 cipiebat
724 1138 787 1209 in
824 1140 1083 1232 grangia
1123 1144 1202 1213 de
1236 1142 1520 1215 Mesnilio
1548 1142 1832 1226 Giraudi‚
1865 1145 2034 1233 quod
2068 1140 2325 1232 quidem
2358 1144 2665 1213 habuerat

415 1275 451 1323 a
491 1252 804 1337 Guidone‚
830 1253 1195 1345 domicello,
1233 1269 1297 1327 et
1323 1260 1637 1339 Johanna,
1670 1278 1862 1326 uxore
1895 1279 2036 1342 sua,
2080 1256 2325 1327 ratione
2354 1254 2663 1326 escambii

414 1391 536 1440 seu
574 1368 1060 1459 permutationis
1100 1374 1263 1442 facte
1303 1370 1660 1442 adinvicem
1688 1369 1856 1440 inter
1892 1392 2031 1455 eos,
2078 1368 2363 1442 vendidit
2397 1384 2461 1441 et
2501 1391 2658 1440 con—

420 1480 624 1553 cessit
673 1495 737 1552 et
788 1482 1262 1575 imperpetuum
1319 1483 1575 1575 penitus
1640 1483 1909 1575 quitavit
1979 1482 2126 1554 viris
2192 1481 2668 1556 venerabilibus

415 1596 707 1689 capitulo
766 1597 1212 1670 Aurelianensi
1268 1597 1475 1691 pretio
1528 1601 1946 1670 ducentarum
2000 1595 2302 1668 librarum
2360 1612 2668 1669 turonen·

415 1713 617 1799 sium,
675 1715 755 1783 de
816 1715 1054 1804 quibus
1121 1712 1333 1784 dictus
1395 1711 1708 1783 Guiardus
1762 1735 1834 1783 se
1889 1711 2095 1783 tenuit
2186 1734 2403 1784 coram
2475 1710 2665 1783 nobis

416 1823 668 1917 integre
745 1850 860 1919 pro
919 1842 1146 1919 pagato
1218 1825 1281 1896 iu
1361 1826 1630 1919 pecunia
1690 1839 2048 1909 numerata,
2108 1824 2465 1917 exceptioni
2539 1849 2667 1895 non

414 1953 757 2012 numerate
792 1940 1064 2032 pecunie
1100 1939 1225 2012 sibi
1268 1963 1396 2011 non
1429 1939 1657 2012 tradite
1706 1954 1772 2011 et
1811 1963 1939 2011 non
1980 1954 2239 2032 recepte
2278 1939 2666 2012 renoncians

415 2053 679 2144 penitus
740 2069 806 2126 et
868 2076 1194 2146 expresse.
1239 2056 1631 2126 Promittens
1685 2076 1799 2145 per
1854 2056 2071 2137 fidem,
2124 2065 2239 2126 etc.
2324 2050 2667 2124 Constituti

413 2167 624 2239 eciam
664 2191 876 2239 coram
906 2168 1093 2240 nobis
1134 2167 1509 2240 Guiltelmus
1551 2171 1629 2240 de
1671 2167 2218 2259 Centegnonvilta,
2264 2165 2472 2250 mileS,
2527 2189 2670 2258 pro-

415 2281 597 2352 misit
636 2305 748 2373 per
788 2286 977 2353 fidem
1018 2305 1201 2354 suam
1239 2296 1304 2355 et
1364 2286 1486 2353 sub
1545 2305 1708 2373 pena
1772 2281 2188 2374 quadraginta
2233 2280 2531 2352 librarum
2566 2273 2569 2276 ⁴
2599 2304 2671 2353 se

417 2404 736 2468 iacturum
767 2411 832 2469 et
871 2412 1360 2490 procuraturum
1385 2400 1558 2489 quod
1598 2401 1924 2469 lohannes
1982 2402 2061 2469 de
2103 2397 2401 2481 Buxiaco‚
2446 2399 2666 2481 miles,

416 2505 667 2598 primus
706 2508 1007 2576 dominus
1039 2506 1304 2577 feodalis
1344 2505 1510 2576 dicte
1551 2506 1641 2576 rei
1691 2509 1979 2589 vendite,
2048 2519 2117 2575 ut
2174 2504 2353 2588 dicit,
2429 2504 2667 2576 dictam

416 2616 866 2691 vendicionem
896 2618 1230 2689 ratificabit
1268 2633 1333 2690 et
1371 2617 1864 2690 admortificabit
1892 2634 1956 2689 et
1987 2618 2312 2710 promittet
2353 2618 2671 2709 garentire

418 2746 723 2825 tanquam
767 2732 1011 2824 primus
1050 2735 1356 2806 dominus
1395 2732 1704 2818 feodalis3
1739 2736 1966 2805 Petrus
2001 2736 2081 2804 de
2121 2733 2422 2817 Abevitta,
2454 2732 2668 2817 mileS‚

416 2847 727 2939 promisit
763 2846 1057 2920 similiter
1089 2870 1201 2941 per
1239 2850 1430 2919 fidem
1492 2869 1672 2918 suam
1734 2863 1799 2919 et
1856 2849 1975 2918 sub
2042 2868 2201 2937 pena
2256 2845 2671 2937 quadraginta

417 2962 728 3032 librarum
783 2985 854 3034 se
908 2964 1222 3034 iacturum
1272 2974 1338 3033 et
1392 2975 1877 3053 procuraturum
1941 2964 2111 3052 quod
2192 2960 2522 3053 Philippus
2594 2964 2672 3032 de

416 3075 722 3156 Buxiaco‚
768 3075 980 3162 mites,
1020 3078 1355 3164 secundus*
1388 3075 1687 3147 dominus
1726 3073 1994 3147 feodalis
2034 3078 2202 3146 dicte
2261 3077 2356 3147 rei
2386 3075 2670 3159 vendite,

416 3205 488 3262 ut
548 3189 727 3272 dicit,
794 3190 1029 3262 dictam
1088 3189 1542 3262 vendicionem
1582 3189 1919 3262 ratificabit
1977 3203 2041 3261 et
2078 3189 2573 3262 admortificabit
2609 3204 2672 3262 et

414 3305 751 3397 promittet
786 3304 1102 3397 garentire
1128 3319 1429 3397 tanquam
1483 3308 1788 3377 dominus
1828 3306 2152 3376 secundus
2194 3302 2460 3376 feodalis
2496 3329 2513 3387 3
2558 3327 2672 3395 pro

412 3419 655 3511 quibus
695 3418 879 3510 penis
909 3419 1082 3491 dicto
1115 3420 1396 3511 capitulo
1428 3421 1758 3491 solvendis
1799 3418 1851 3490 si
1892 3441 2002 3491 eas
2064 3417 2376 3490 committi
2453 3421 2676 3490 conti-

413 3532 608 3625 gerit,
642 3547 751 3604 aut
785 3535 837 3604 si
879 3536 1229 3606 deficerent
1253 3533 1317 3603 in
1346 3532 1710 3625 premissis,
1740 3531 1895 3605 dicti
1927 3531 2306 3604 Guillelmus
2344 3545 2409 3604 et
2446 3536 2671 3603 Petrus

414 3646 862 3738 obligaverunt
926 3671 995 3720 se
1035 3663 1097 3719 et
1127 3650 1399 3719 heredes
1440 3671 1593 3719 suos
1633 3661 1697 3721 et
1750 3650 1968 3719 omnia
2009 3649 2174 3719 bona
2220 3670 2334 3718 sua
2386 3660 2448 3718 et
2499 3647 2672 3717 idem

414 4062 490 4118 ad
511 4063 621 4118 hoc
678 4061 991 4136 specialiter
1041 4061 1337 4133 destinate,
1379 4062 1590 4117 dictum
1647 4062 1994 4118 escambium
2045 4078 2148 4118 seu
2204 4061 2674 4133 permutationem

413 4153 742 4220 voluerunt,
775 4152 1163 4221 laudaverunt,
1203 4152 1657 4224 approbaverunt
1682 4157 1738 4207 et
1767 4152 1933 4207 etiam
1981 4157 2400 4208 concesserunt.
2433 4152 2674 4209 Promit-

413 4249 622 4316 tenteS‚
655 4247 808 4300 etc...
836 4242 1017 4297 Immo
1047 4242 1446 4312 promiserunt,
1472 4247 1626 4297 etc...
1675 4240 2003 4312 obliganteS,
2060 4248 2208 4297 etc...
2254 4243 2316 4297 In
2369 4246 2532 4313 cujus
2581 4244 2662 4299 rei

411 4332 752 4389 memoriam
778 4337 834 4387 et
863 4332 1252 4388 testimonium
1278 4331 1347 4386 ad
1377 4331 1808 4403 requisitionem
1842 4331 2086 4402 partium
2114 4333 2495 4404 predictarum
2528 4335 2680 4404 sigil-

412 4431 538 4488 lum
596 4421 1022 4495 Aurelianensis
1058 4421 1215 4477 curie
1275 4420 1632 4492 presentibus
1690 4421 1891 4476 litteris
1939 4420 2201 4477 duximus
2253 4423 2675 4493 apponendum.

414 4514 624 4570 Datum
674 4527 822 4567 anno
876 4511 1099 4567 Domini
1156 4511 1455 4566 millesimo
1523 4510 1909 4566 ducentesimo
1967 4512 2405 4581 septuagesimo,
2483 4530 2678 4568 mense

414 4601 731 4671 februariO,
764 4600 854 4656 die
883 4600 1092 4656 sabbati
1129 4606 1248 4671 post
1281 4599 1748 4655 Purificacionem
1793 4600 1953 4655 beate
2003 4599 2183 4654 Marie
2234 4601 2487 4669 virginis,
2531 4621 2561 4654 »
2611 4633 2680 4644 —

418 4693 577 4762 Orig.
609 4709 655 4746 s.
684 4691 878 4763 parch.
912 4689 1082 4745 Arch.
1119 4689 1194 4744 du
1224 4689 1436 4757 Loiret,
1464 4688 1532 4744 G.
1572 4688 1701 4744 350.

600 4814 743 4867 utin.
779 4825 910 4866 xxx.
2436 4812 2506 4866 28
