3485 5571
1370 670 1730 735 ..201-

1430 1055 1435 1064 1
1457 975 1640 1035 cxix

1468 1249 1625 1315 1197

403 1483 782 1556 Assignation
809 1501 882 1541 au
907 1485 1154 1557 chapitre
1183 1484 1284 1541 des
1312 1485 1558 1541 maisons
1586 1491 1641 1541 et
1663 1486 1765 1541 des
1793 1486 1985 1556 vignes
2014 1485 2084 1541 de
2114 1484 2409 1541 Bouchard
2437 1484 2515 1542 du
2540 1485 2679 1541 Pui-

952 1590 1035 1640 set
1064 1600 1210 1656 pour
1236 1584 1519 1656 paiement
1545 1584 1616 1640 de
1639 1590 1768 1640 cent
1799 1600 1983 1640 maros
2012 1583 2141 1640 dns.

707 1728 881 1802 (orig.
915 1731 1089 1786 Arch.
1123 1729 1199 1785 du
1227 1731 1434 1801 Loiret,
1464 1730 1531 1786 G.
1564 1729 1711 1803 3773
1754 1730 2009 1788 mention
2038 1728 2390 1804 Scriptum).

505 1946 739 2038 O[do],
767 1945 886 2017 Dei
932 1944 1131 2035 gratia
1181 1944 1562 2016 Parisiensis
1612 1944 1987 2037 episcopus,
2032 1944 2338 2018 omnibus
2379 1949 2458 2017 ad
2516 1969 2679 2038 quos
2759 1953 2764 1958 '

411 2082 696 2152 presens
716 2058 1024 2150 scriptum
1053 2062 1441 2152 pervenerit,
1481 2062 1754 2131 salutem
1777 2059 1843 2130 in
1871 2058 2170 2131 Domino.
2221 2063 2378 2131 Cum
2406 2059 2678 2133 dilectus

408 2173 475 2244 in
506 2173 768 2245 Christo
803 2175 1189 2268 B[ucardus]
1217 2176 1296 2245 de
1323 2179 1625 2259 Puteaco,
1645 2173 2168 2265 consanguineus
2196 2187 2438 2260 noster,
2470 2199 2676 2267 quon-

412 2291 565 2360 dam
610 2289 1103 2362 archidiaconus
1142 2295 1374 2362 Sancte
1440 2291 1662 2361 Crucis
1702 2289 2207 2375 Aurelianensis,
2259 2294 2326 2361 in
2377 2289 2678 2364 extremis

413 2427 645 2496 agens,
672 2426 793 2476 nos
831 2418 894 2476 et
922 2407 1259 2476 Radullum
1295 2409 1543 2477 Harenc
1581 2418 1864 2476 extreme
1892 2405 2239 2478 voluntatis
2269 2429 2385 2478 sue
2439 2429 2678 2478 execu-

415 2532 596 2590 tores
616 2518 1094 2604 constituisset,
1130 2518 1301 2592 sicut
1334 2542 1409 2591 ex
1448 2521 1708 2611 publico
1749 2518 2178 2592 instrumento
2218 2519 2423 2613 ipsius
2462 2523 2676 2591 mani-

417 2631 652 2705 {estius
690 2637 1061 2725 apparebat,
1117 2647 1182 2705 et
1246 2635 1460 2705 dictus
1526 2636 1895 2729 R[adullus]
1937 2635 2173 2705 domos
2252 2634 2315 2705 in
2391 2637 2673 2708 claustro

419 2745 863 2821 Aurelianensi
912 2746 1069 2820 sitas
1109 2761 1173 2821 et
1210 2761 1484 2840 quatuor
1529 2761 1796 2841 arpenta
1863 2747 2191 2821 vinearum
2238 2750 2407 2842 apud
2469 2747 2676 2823 Vilers

422 2860 573 2948 sita,
606 2885 736 2954 qne
766 2864 1093 2934 Bucardus
1131 2875 1422 2934 tenuerat
1458 2862 1664 2934 relicti
1694 2865 2386 2957 titulo,[reclamaret],
2421 2878 2678 2955 propter

421 2979 546 3048 hoc
575 2998 706 3047 una
769 2999 918 3048 cum
969 2976 1316 3047 venerabili
1381 2975 1644 3049 domino
1682 3000 1759 3050 ac
1795 2991 1971 3069 patre
2010 2989 2232 3050 nostro
2293 2977 2677 3050 Bituricensi

421 3090 916 3182 archiepiscopo
950 3092 1029 3160 ad
1066 3088 1405 3163 ecclesiam
1443 3091 1965 3164 Aurelianensem
2020 3091 2440 3164 accessimus.
2482 3094 2678 3184 Cujus

424 3226 570 3276 cum
622 3204 1049 3276 intrassemus
1109 3204 1459 3297 capitulum
1493 3219 1558 3277 et
1617 3210 1691 3278 R.
1749 3210 1989 3278 Harens
2037 3206 2462 3278 intentionem
2493 3230 2677 3278 suam

424 3316 592 3390 sicut
633 3317 1020 3410 premissum
1073 3331 1174 3390 est
1214 3320 1638 3407 fundavisset,
1699 3319 1992 3393 canonici
2032 3323 2505 3413 responderunt
2556 3342 2677 3392 nos

424 3444 485 3504 et
512 3438 589 3505 R.
617 3435 887 3516 Harenc,
918 3431 1085 3505 sicut
1117 3432 1481 3505 testationis
1509 3432 1720 3506 littere
1760 3439 2230 3527 proponebant,
2263 3438 2342 3507 ad
2376 3439 2499 3507 hoc
2527 3458 2675 3506 exe-

424 3559 687 3620 cutores
725 3545 973 3637 positos
1002 3546 1494 3633 testamenti,ut
1528 3546 1655 3640 ipsi
1704 3552 1778 3621 B.
1837 3549 2048 3622 debita
2092 3562 2309 3642 petere
2359 3563 2424 3623 et
2473 3552 2552 3620 ab
2599 3571 2677 3620 eo

428 3661 644 3733 debita
673 3664 921 3734 solvere
960 3664 1368 3744 deberemus,
1426 3675 1490 3734 et
1528 3666 1610 3733 ob
1660 3667 1785 3735 hoc
1820 3668 1917 3735 XL
1972 3663 2166 3736 libras
2206 3678 2467 3737 monete
2508 3664 2680 3737 Pari-

427 3774 664 3848 siensis
710 3799 744 3846 a
795 3775 987 3848 nobis
1025 3774 1370 3847 instantius
1426 3781 1803 3868 repetebant
1853 3800 2013 3870 quas
2079 3783 2442 3872 sepelactus
2480 3784 2552 3850 B.
2598 3782 2680 3852 de

430 3891 608 3962 firma
647 3890 896 3979 Maziaci
961 3895 1191 3962 Sancte
1234 3892 1458 3963 Crucis
1498 3890 1802 3984 capitulo,
1847 3895 2227 3985 interposita
2261 3895 2679 3987 jurisjurandi

432 4004 762 4097 religione,
796 4008 1044 4077 solvere
1080 4009 1440 4094 tenebatur,
1489 4005 1654 4078 sicut
1709 4006 1774 4078 in
1818 4011 1959 4099 ejus
1986 4012 2311 4081 autentico
2343 4033 2678 4101 compare-

431 4120 556 4191 bat.
604 4124 992 4193 Asserebant
1029 4123 1221 4192 etiam
1253 4143 1323 4193 sc
1383 4125 1649 4195 Radulfo
1692 4126 1928 4195 debere
1958 4126 2246 4217 preferri,
2289 4125 2463 4217 quia,
2507 4126 2678 4197 sicut

434 4246 702 4308 cavetur.
725 4238 791 4305 in
826 4238 997 4326 jure,
1050 4237 1404 4308 creditores
1469 4236 1795 4328 legatariis
1853 4242 2286 4330 preferuntur,
2361 4242 2677 4312 addentes

436 4353 601 4439 quod
658 4349 1048 4421 venerabilis
1125 4349 1650 4443 consanguineus
1723 4367 1944 4424 noster
2018 4355 2289 4448 H[ugo],
2349 4357 2676 4446 quondam

438 4462 884 4537 Dunelmensis
962 4464 1333 4556 episcopuS,
1413 4487 1524 4556 per
1589 4469 1864 4539 eandem
1922 4466 2268 4539 ecclesiam
2337 4467 2675 4539 transitum

443 4579 699 4663 lacienS,
743 4601 838 4649 eis
875 4579 954 4648 ad
993 4581 1228 4649 festum
1269 4577 1436 4649 beati
1502 4579 1758 4651 Cuberti
1807 4580 2276 4673 imperpetuum
2317 4582 2678 4654 honorifice

441 4694 887 4765 celebrandum
924 4698 992 4763 et
1028 4694 1106 4763 ad
1125 4715 1314 4762 suum
1340 4691 1843 4765 anniversarium
1884 4694 2248 4767 laciendum
2277 4698 2480 4768 LXXX
2510 4719 2678 4767 mar-
