3485 5571
1771 632 2130 700 -174—

819 764 1099 836 siasticis
1149 767 1505 835 honoribus
1560 779 2044 855 promoventur,
2104 779 2168 836 et
2206 765 2515 857 ampliora
2550 767 2830 837 ecclesie
2865 766 3110 858 perci·

820 877 1070 968 pientes
1110 876 1454 968 stipendia,
1509 881 1589 947 ab
1650 879 1960 948 uberibus
2017 880 2157 968 ejus
2219 870 2571 968 benignius
2622 881 3103 950 confoventur.

821 994 947 1062 Hac
1002 990 1193 1081 igitur
1245 989 1767 1062 consideratione
1827 990 2154 1074 inductuS,
2205 995 2336 1082 Ego
2383 994 2731 1063 Herbertus
2787 994 3109 1068 Aurelia-

819 1103 1044 1175 nensis
1086 1102 1579 1176 archidiaeonus
1610 1103 1850 1175 noticie
1883 1103 2279 1196 presentium
2306 1119 2370 1175 et
2402 1109 2756 1176 luturorum
2792 1105 3106 1197 presenti

819 1218 1058 1308 scripto
1118 1216 1612 1290 transmittimus
1669 1222 1840 1310 quod
1913 1216 2254 1290 ecclesiam
2301 1221 2403 1291 'de
2479 1218 2822 1300 Chilleriis,
2881 1242 3098 1311 quam

821 1330 1201 1402 venerabilis
1241 1330 1727 1403 Aurelianensis
1766 1330 2112 1423 episcopus
2152 1333 2523 1425 manasses]
2562 1334 2641 1403 de
2677 1356 2871 1403 manu
2925 1332 3106 1403 laica

819 1468 965 1516 cum
1030 1468 1280 1516 summa
1344 1445 1716 1516 difficultate
1790 1445 2071 1528 retraxit,
2131 1459 2196 1516 et
2257 1445 2539 1537 capitulo
2580 1450 2814 1516 Sancte
2857 1445 3103 1516 Crucis

823 1561 1113 1641 donavit,
1182 1557 1531 1651 capitulum
1586 1582 1736 1631 vero
1786 1582 1926 1630 eam
2002 1559 2249 1650 Engoni
2314 1563 2560 1631 decano
2616 1573 2682 1631 et
2733 1561 3094 1652 llaInasse]

821 1672 1141 1764 capicerio
1180 1673 1355 1743 fratri
1413 1675 1555 1764 ejus
1616 1674 1679 1743 in
1730 1673 1854 1744 vita
1917 1697 2032 1744 sua
2092 1673 2400 1764 quamdiu
2447 1687 2713 1765 uterque
2762 1678 2860 1745 vel
2923 1677 3107 1744 alter

819 1808 1044 1857 eorum
1086 1784 1307 1857 vixerit
1349 1785 1808 1877 possidendam
1849 1791 2203 1873 concessit,
2238 1810 2357 1859 nos
2397 1789 2691 1860 eamdem
2724 1787 3092 1858 ecclesiam

821 1898 1038 1969 domui
1100 1903 1178 1971 de
1243 1900 1536 1971 Gervasia
1579 1900 1919 1992 perutilem
1970 1922 2116 1972 esse
2149 1901 2813 1990 considerantespro
2853 1899 3089 1971 anime

819 2025 1040 2083 nostre
1069 2027 1133 2082 et
1172 2014 1485 2083 Johannis
1529 2014 1756 2084 decani
1787 2017 1954 2086 bone
1995 2013 2304 2085 memorie
2345 2015 2602 2104 cognati
2634 2012 2834 2083 nostri
2876 2035 3098 2084 reme-

822 2124 928 2197 dio
987 2125 1052 2196 in
1109 2141 1490 2217 perpetuum
1530 2127 1809 2199 ecclesie
1839 2132 2073 2199 Sancte
2114 2128 2336 2198 Crucis
2372 2130 2732 2198 habendam
2774 2128 3093 2198 concedi-

824 2262 996 2324 mus,
1038 2254 1099 2310 et
1140 2242 1562 2312 donationem
1592 2244 1670 2311 ab
1707 2240 2016 2333 episcopo
2059 2245 2286 2312 tactam
2333 2244 2625 2311 volumus
2665 2255 2728 2311 et
2764 2244 3095 2332 approba-

825 2377 997 2433 mus,
1029 2368 1094 2425 et
1132 2357 1426 2425 eamdem
1466 2355 1808 2426 ecclesiam
1860 2355 2123 2428 liberam
2166 2369 2232 2426 et
2259 2358 2620 2426 absolutam
2660 2377 2694 2424 a
2736 2356 2978 2425 sinodo
3021 2367 3095 2426 et

823 2469 1080 2538 circada
1141 2482 1207 2538 et
1259 2481 1388 2538 tam
1455 2468 2018 2560 parrochianorum
2065 2491 2258 2559 quam
2315 2467 2671 2540 sacerdotis
2714 2466 2980 2558 justicia
3022 2480 3096 2538 et

823 2581 999 2651 omni
1037 2581 1473 2653 archidiaconi
1536 2586 2010 2654 consuetudine
2049 2597 2115 2654 et
2171 2581 2503 2653 exactione
2566 2579 2900 2664 inmunem
2946 2593 3086 2652 sta-

817 2695 1057 2766 tuimus
1095 2711 1159 2767 et
1198 2696 1408 2801 sigillo
1474 2711 1695 2768 nostro
1756 2702 2155 2770 roboramus.
2227 2703 2452 2768 Actum
2504 2719 2588 2767 an
2622 2719 2705 2768 no
2764 2693 3089 2767 incarnati

818 2813 1008 2882 Verbi
1041 2815 1117 2882 M-
1164 2814 1232 2883 C·
1277 2816 1427 2882 LXX
1467 2814 1601 2884 v1·.

1862 3202 2015 3263 XCll

1690 3518 1994 3589 Orleans,
2027 3520 2182 3581 1177

819 3789 1081 3845 Maintien
1111 3790 1182 3845 de
1210 3789 1418 3861 l’eglise
1440 3789 1508 3845 de
1538 3790 1593 3844 la
1622 3789 2015 3846 Ferte-Avrain
2042 3806 2259 3844 comme
2290 3790 2593 3859 collegiale,
2626 3806 2696 3845 en
2722 3790 2974 3860 &change
3003 3789 3073 3845 de

1176 3910 1179 3913 >
1230 3903 1321 3943 ses
1350 3886 1525 3949 droits
1557 3903 1652 3942 sur
1681 3885 1894 3957 l’eglise
1922 3886 1992 3941 de
2021 3886 2654 3957 Neung·sur·Beuvron.

1017 4058 1159 4125 (Bib.
1192 4057 1262 4112 de
1284 4057 1581 4123 l'Arsenal,
1617 4073 1723 4111 ms.
1756 4056 1895 4110 1007
1921 4074 1933 4109 :
1964 4056 2055 4112 61.
2084 4056 2253 4127 Copie
2282 4056 2351 4111 de
2381 4057 2522 4111 Dom
2556 4056 2889 4124 Estiennot).

913 4304 978 4371 ln
1021 4298 1280 4371 nomine
1312 4312 1533 4369 sancte
1571 4313 1634 4370 et
1674 4297 1999 4368 individue
2039 4296 2390 4368 Trinitatis.
2429 4302 2652 4367 Amen.
2695 4300 2778 4367 Ea
2818 4320 2945 4389 que
2985 4299 3063 4367 ad

825 4438 1043 4507 pacem
1082 4421 1236 4483 sunt
1295 4412 1354 4482 in
1400 4425 1750 4502 conspectu
1793 4410 2220 4503 legitimarum
2268 4426 2329 4482 et
2369 4414 2784 4483 honestarum
2851 4434 3071 4503 perso-

827 4552 1047 4600 narum
1086 4527 1435 4598 litterarum
1499 4526 1660 4597 tradi
1709 4530 1942 4597 decent
1974 4524 2288 4596 vivacitati
2348 4548 2426 4596 ne
2474 4528 2539 4595 in
2583 4539 2910 4616 posterum
2964 4549 3070 4596 va-

825 4646 950 4713 leat
1032 4664 1226 4734 super
1293 4640 1370 4712 iis
1438 4639 1755 4711 calumnia
1832 4638 2150 4710 suscitari.
2222 4642 2415 4729 Cujus
2508 4638 2600 4709 rei
2681 4639 2884 4730 gratia
2950 4661 3069 4728 ego
