3485 5571
1390 695 1748 763 -117-

463 829 760 921 praedicta
801 826 1124 899 bannariis
1154 850 1281 898 non
1322 829 1577 919 possint
1615 829 1935 912 sufficere,
1971 851 2092 900 nos
2128 841 2193 901 et
2223 829 2390 902 idem
2417 834 2696 904 Buchar-

454 947 570 1015 dus
609 945 689 1015 de
738 941 1064 1015 communi
1105 954 1366 1034 sumptu
1403 941 1845 1013 molendinum
1888 955 1953 1014 et
1995 945 2278 1027 furnum,
2313 946 2419 1036 qui
2451 950 2694 1019 nostris

452 1057 773 1128 baunariis
815 1060 1109 1128 sufficere
1143 1059 1442 1138 debeant,
1470 1055 1909 1146 adquiremus»,
1946 1070 2011 1128 et
2057 1073 2245 1128 erunt
2285 1082 2688 1133 communes

454 1170 739 1258 Quod'si
801 1175 963 1242 alter
1009 1186 1301 1243 nostrum
1355 1174 1698 1243 occasione
1729 1171 1937 1263 aliqua
1974 1188 2301 1264 sumptum
2343 1174 2699 1247 rationabi-

454 1289 574 1356 lem
618 1284 737 1356 sibi
779 1284 1258 1374 contingentem
1295 1307 1534 1375 ponere
1576 1284 1851 1356 noluerit
1886 1284 1949 1355 in
1980 1289 2310 1378 emptione
2340 1292 2435 1359 vel
2476 1289 2698 1381 adqui-

452 1401 684 1472 sitione
725 1399 1071 1472 molendini
1111 1402 1208 1471 vel
1253 1399 1420 1471 lurni
1475 1400 1681 1486 tercii,
1748 1413 1921 1472 totus
1961 1416 2259 1493 sumptus
2301 1418 2574 1495 ponetur
2618 1408 2696 1474 ab

451 1519 699 1600 alter03
744 1528 808 1585 et
844 1517 1051 1586 donec
1089 1517 1251 1585 alter
1292 1512 1698 1585 medietatem
1742 1529 2038 1606 sumptus
2077 1516 2519 1589 rationabilem
2553 1524 2699 1591 red-

450 1627 704 1713 diderit,
740 1628 848 1699 ille
903 1627 1012 1719 qui
1055 1641 1257 1698 totum
1301 1627 1608 1718 posuerit,
1650 1637 1886 1710 totum,
1930 1643 1993 1698 ut
2027 1632 2274 1719 justum
2315 1647 2440 1714 est,
2486 1635 2698 1722 possi-

452 1740 652 1824 debit,
693 1754 758 1812 et
814 1755 1127 1831 emptum,
1181 1754 1246 1811 et
1298 1740 1712 1831 adquisitum.
1776 1741 2205 1812 Constitutum
2264 1757 2364 1814 est
2402 1744 2593 1816 etiam
2633 1759 2700 1817 et

450 1878 837 1927 concessum
917 1856 1089 1946 quod
1163 1853 1226 1923 in
1296 1854 1686 1926 molendinis
1726 1870 1791 1925 et
1864 1855 2068 1926 turnis
2107 1861 2592 1943 communibuS,
2635 1873 2700 1931 et

444 1968 721 2060 justiciis
781 1969 1086 2040 faciendis
1149 1990 1342 2060 super
1388 1968 1512 2052 his,
1575 1970 1703 2039 duo
1758 1968 2112 2042 servientes
2150 1971 2696 2062 assignabuntur;

449 2107 619 2154 unus
651 2106 725 2155 ex
773 2098 948 2176 parte
1003 2097 1244 2169 nostra,
1288 2082 1394 2173 qui
1448 2082 1816 2154 fidelitatem
1865 2087 2197 2156 Buchardo
2232 2084 2421 2157 faciet
2461 2102 2522 2158 et
2563 2086 2699 2158 suis

451 2198 821 2280 heredibuS,
851 2213 915 2270 et
948 2201 1108 2269 alter
1146 2221 1219 2269 ex
1246 2212 1422 2289 parte
1461 2198 1803 2281 Buchardi,
1846 2199 1952 2290 qui
1985 2199 2172 2270 nobis
2198 2214 2260 2271 et
2301 2203 2698 2273 successori-

452 2317 570 2384 bus
599 2311 835 2384 nostris
862 2310 1185 2404 episcopis
1210 2314 1578 2383 fidelitatem
1603 2311 1899 2384 similiter
1914 2315 2695 2387 exhibebit.Servientium

447 2425 720 2497 istorum
759 2429 1027 2497 alterum
1081 2426 1594 2516 quandocunque
1632 2441 1879 2497 mutare
1924 2426 2294 2517 contigerit,
2359 2451 2701 2500 successor

448 2540 617 2611 illius
678 2543 1049 2612 fidelitatem
1080 2563 1272 2631 quam
1312 2541 1488 2632 prior
1525 2540 1809 2610 exhibuit
1861 2539 2207 2613 exhibebit.
2253 2542 2349 2612 Illi
2391 2565 2540 2613 vero
2571 2546 2699 2614 duo

447 2654 553 2746 qui
574 2655 728 2727 dicti
756 2667 907 2726 sunt
929 2653 1307 2738 servienteS‚
1332 2667 1396 2725 et
1420 2654 1706 2737 lurnarii,
1730 2669 1794 2725 et
1819 2655 2260 2726 molendinarii
2289 2679 2695 2740 communes,

450 2784 770 2842 eteorum
829 2767 1185 2840 servientes
1253 2771 1333 2841 de
1372 2768 1574 2840 turnis
1635 2784 1697 2840 et
1752 2768 2139 2841 molendinis
2215 2770 2691 2853 communibuS,

449 2889 776 2955 immunes
815 2898 1005 2955 erunt
1054 2898 1119 2955 et
1158 2883 1339 2954 liberi
1378 2887 1458 2955 ab
1506 2886 1684 2954 omni
1742 2884 2210 2956 consuetudine
2235 2900 2300 2956 et
2338 2886 2692 2956 exactione.

450 3004 681 3070 Noster
713 2999 999 3070 serviens
1039 3013 1298 3069 nostros
1337 2997 1705 3081 baunarioS,
1744 3013 1806 3068 et
1854 3000 2167 3068 Buchardi
2212 2998 2501 3069 serviens
2537 3023 2693 3070 suos

453 3112 797 3184 baunarios
815 3112 1247 3183 submonebit.
1285 3112 1657 3183 Emendatio
1699 3113 2160 3195 forifactorum,
2204 3136 2346 3203 quae
2379 3128 2507 3183 tres
2549 3114 2699 3184 soli.-

445 3230 564 3299 dos
632 3251 761 3298 non
836 3226 1068 3318 poterit
1138 3230 1470 3311 excedere,
1530 3229 1899 3297 communis
1960 3226 2107 3310 erit,
2171 3241 2235 3297 et
2272 3227 2699 3298 communiter

446 3341 761 3432 capietur,
842 3341 968 3411 nisi
1030 3344 1196 3413 torte
1253 3341 1483 3412 luerint
1548 3363 1583 3412 a
1623 3340 1959 3412 forinsecis
1999 3340 2367 3412 hominibus
2406 3344 2695 3431 ejusdem

446 3453 795 3536 Buchardi,
872 3477 1013 3543 quae
1089 3467 1219 3523 tota
1306 3453 1578 3544 pertinet
1639 3456 1717 3523 ad
1788 3455 2217 3523 Buchardum.
2297 3456 2480 3535 Item,
2550 3455 2697 3544 quia

443 3589 714 3638 nemora
755 3566 1169 3656 Magdunensi
1211 3580 1420 3637 castro
1462 3565 1741 3656 proxima
1784 3588 1911 3636 non
1945 3567 2365 3646 habebamuS,
2424 3569 2700 3635 Buchar-

445 3683 567 3750 dus
627 3702 778 3750 vero
825 3678 1273 3750 sufficientiam
1338 3681 1612 3749 habebat
1666 3701 2030 3759 nemorum,
2069 3678 2438 3748 condictum
2493 3693 2593 3749 est
2633 3692 2696 3749 et

446 3815 840 3863 concessum
882 3796 1051 3883 quod
1112 3792 1250 3884 ipse
1299 3795 1671 3862 Buchardus
1720 3805 1784 3861 et
1845 3795 2117 3861 heredes
2170 3790 2267 3862 sui
2317 3794 2532 3862 omnia
2574 3815 2689 3862 sua

443 3931 747 3993 nemora,
791 3931 935 3998 quae
975 3923 1124 3978 sunt
1156 3910 1317 3977 ultra
1355 3909 1695 3989 Malestret,
1735 3909 1813 3975 ad
1861 3909 2190 3976 lurnorum
2232 3929 2419 3975 usum
2460 3928 2698 3977 conce-

444 4026 702 4107 derent,
745 4036 808 4093 et
862 4026 1175 4092 fecerunt.
1239 4024 1609 4091 Buchardus
1658 4033 1871 4090 autem
1928 4043 2049 4090 nec
2103 4024 2291 4091 heres
2331 4020 2499 4090 illius
2542 4044 2699 4111 prae-

447 4135 617 4206 dicta
659 4159 921 4208 nemora
975 4158 1182 4226 neque
1221 4138 1481 4217 vendet,
1515 4157 1637 4205 nec
1672 4133 2043 4216 invadiabit,
2090 4157 2208 4205 nec
2263 4136 2436 4204 dabit
2475 4133 2536 4202 in
2568 4137 2698 4204 leo-

447 4255 631 4335 dum,
677 4274 795 4323 nec
834 4255 963 4322 alio
1016 4255 1205 4323 modo
1246 4249 1522 4321 alienare
1570 4250 1798 4342 poterit
1840 4255 1918 4321 ab
1984 4274 2102 4319 usu
2167 4254 2522 4331 furnorum,
2577 4274 2698 4321 nec

447 4369 512 4435 in
580 4381 781 4456 parte,
848 4389 968 4437 nec
1026 4368 1088 4435 in
1141 4380 1323 4449 toto;
1377 4388 1497 4436 nec
1558 4366 1864 4435 heredum
1911 4388 2174 4435 suorum
2234 4364 2421 4434 alicui
2496 4364 2693 4451 dabit,

448 4478 573 4549 nisi
611 4494 852 4550 tantum
882 4479 968 4550 illi
1009 4478 1114 4570 qui
1150 4478 1519 4571 praedictam
1543 4478 2068 4549 communitatem
2109 4477 2391 4548 habebit.
2423 4476 2487 4547 Si
2518 4500 2691 4558 vero,

448 4616 675 4684 guerra
716 4595 1074 4684 ingruente,
1121 4616 1236 4666 seu
1285 4595 1475 4664 ssuvio
1527 4591 1783 4684 Lygeris
1823 4591 2184 4663 rationabili
2224 4614 2422 4662 causa
2464 4590 2695 4661 transi-

451 4722 588 4777 tum
672 4707 1086 4801 impediente,
1142 4712 1221 4780 ad
1288 4732 1475 4780 usum
1537 4712 1868 4780 furnorum
1929 4729 2190 4778 nemora
2262 4703 2477 4776 haberi
2565 4729 2694 4777 non
