3485 5571
1805 651 2120 712 ..46—

1914 881 1990 939 Vl

1327 1080 1627 1152 (means,
1677 1082 1902 1162 [avant
1943 1085 2004 1145 le
2053 1084 2133 1141 1cr
2176 1084 2356 1163 aout]
2402 1084 2559 1146 1155

819 1260 1096 1326 Manasse,
1115 1263 1329 1333 eveque
1344 1260 1660 1330 d’Orlean8‚
1689 1263 1976 1317 reconnait
1996 1279 2066 1317 au
2084 1263 2338 1335 chapitre
2359 1261 2428 1318 de
2442 1263 2828 1319 Salute-Croix
2847 1264 2900 1320 le
2919 1264 3077 1319 droit

890 1358 1082 1414 d‘elire
1112 1374 1215 1414 son
1242 1358 1420 1429 doyen
1449 1364 1501 1414 et
1531 1358 1600 1413 de
1629 1359 1869 1414 toucher
1913 1360 1996 1415 les
2044 1375 2284 1414 revenus
2314 1359 2522 1415 durant
2565 1361 2620 1415 la
2663 1376 2923 1431 vacance,
2956 1359 3091 1415 saus

886 1455 968 1510 les
998 1455 1173 1511 droits
1202 1455 1300 1511 des
1320 1454 1712 1510 archidiacres.

1563 1600 1757 1671 (Copie
1788 1599 1856 1655 de
1886 1601 2113 1667 Baluze‚
2147 1618 2200 1673 p.
2235 1602 2314 1669 2.)

908 1798 978 1864 ln
1019 1797 1212 1865 domo
1250 1791 1533 1877 Domini,
1575 1816 1718 1883 quae
1755 1792 1931 1884 pacis
1957 1807 2021 1863 et
2061 1796 2427 1864 concordiae
2463 1796 2695 1865 domus
2731 1810 2858 1880 est,
2902 1820 3079 1887 prae-

814 1907 1001 1999 cipue
1070 1909 1534 2000 providendum
1598 1919 1696 1978 est
1767 1920 1841 1977 ut
1913 1906 2122 1977 unitas
2183 1922 2620 1978 conservetur.
2674 1912 2749 1979 Et
2800 1909 2957 1999 quia
3014 1910 3078 1979 in

816 2022 1097 2094 scissura
1152 2021 1462 2092 mentium
1504 2044 1634 2092 non
1684 2020 1926 2091 habitat
1961 2024 2162 2104 Deus,
2205 2021 2261 2092 si
2309 2024 2569 2112 quando
2623 2022 3080 2095 dissenciones

813 2151 922 2207 aut
982 2138 1283 2207 scandala
1344 2135 1407 2204 in
1460 2158 1533 2206 ea
1592 2132 1908 2218 oriuntur,
1971 2149 2253 2206 rectores
2314 2136 2761 2220 ecclesiarum,
2830 2140 3077 2228 quibus

814 2248 1177 2342 specialiter
1239 2247 1554 2319 incumbit
1611 2261 1675 2318 et
1735 2248 2016 2339 expedit,
2087 2248 2334 2319 disidiae
2374 2263 2438 2319 et
2500 2249 2909 2341 negligentiae
2966 2274 3077 2320 ar-

813 2364 1049 2456 guendi
1079 2377 1257 2446 sunt,
1291 2360 1413 2432 nisi
1446 2362 1725 2433 discreto
1764 2365 2048 2454 ipsorum
2081 2362 2517 2434 moderamine
2558 2377 2622 2434 et
2660 2364 2935 2435 consilio
2969 2387 3078 2435 so-

821 2477 1098 2569 piantur.
1142 2481 1207 2547 In
1250 2475 1512 2547 nomine
1551 2476 1744 2567 igitur
1784 2492 2022 2547 sanctae
2063 2491 2127 2546 et
2153 2475 2494 2547 individuae
2538 2475 2887 2549 Trinitatis.
2931 2482 3070 2569 Ego

813 2597 1160 2676 Manasse8‚
1195 2592 1308 2661 Dei
1350 2589 1649 2681 patientia
1696 2589 2173 2662 Aurelianensis
2211 2591 2506 2662 ecclesiae
2541 2591 2806 2662 humilis
2845 2591 3076 2662 minis-

814 2722 933 2791 ter,
978 2705 1274 2799 praesenti
1329 2719 1569 2797 scripto
1610 2704 1822 2776 curavi
1866 2705 2191 2776 memoriae
2238 2710 2721 2790 commendare,
2761 2721 2906 2798 post
2951 2709 3068 2777 de-

812 2846 1067 2894 cessum
1110 2819 1327 2892 domni
1370 2819 1701 2911 Stephani,
1750 2819 2132 2891 venerabilis
2164 2821 2456 2910 ejusdem
2495 2820 2789 2893 ecclesiae
2825 2821 3058 2893 decani

814 2942 997 3008 bonae
1038 2936 1389 3019 memoriae,
1421 2937 1589 3004 inter
1618 2957 1737 3005 nos
1763 2947 1826 3004 et
1854 2933 2199 3024 capitulum
2230 2938 2480 3004 Sanctae
2515 2935 2733 3006 Crucis
2773 2939 2853 3007 de
2892 2939 3070 3007 elec-

813 3052 984 3122 tione
1025 3049 1273 3130 decani‚
1308 3052 1387 3120 ad
1426 3071 1591 3138 quos
1633 3047 1956 3131 videlicet,
1996 3050 2074 3118 ad
2107 3071 2228 3118 nos
2260 3051 2355 3119 vel
2384 3048 2585 3139 ipsoS‚
2622 3048 2792 3119 illius
2821 3049 3068 3121 substi-

810 3164 969 3234 tutio
1009 3163 1350 3254 specialius
1388 3161 1758 3253 pertineret,
1796 3161 2275 3233 contentionem
2316 3161 2625 3234 extitisse.
2669 3167 2861 3234 Erant
2887 3163 3064 3234 enim

809 3277 914 3369 qui
956 3281 1382 3367 suggerebant
1422 3277 1610 3346 nobis
1660 3274 2188 3346 substitutionem
2245 3276 2470 3347 decani
2511 3279 2588 3347 ad
2641 3279 2749 3367 jus
2787 3277 3067 3368 ‘episco—

811 3394 951 3481 pale
994 3389 1333 3482 pertinere.
1372 3388 1729 3480 Capitulum
1772 3404 1984 3460 autem
2014 3389 2076 3458 in
2107 3390 2495 3460 contrarium
2530 3395 2858 3462 asserebat
2886 3394 3060 3483 quod

810 3508 1167 3575 decedente
1216 3508 1460 3575 decano
1500 3527 1642 3588 suo,
1679 3527 1752 3574 ex
1779 3505 1915 3591 jure
1955 3506 2219 3594 antiquo
2246 3520 2310 3574 et
2343 3506 2839 3590 consuetudine,
2870 3529 3061 3576 suum

809 3634 946 3690 erat
1012 3622 1323 3689 decanum
1365 3617 1483 3689 sibi
1521 3617 1784 3709 eligere,
1833 3632 1898 3688 et
1936 3620 2190 3690 honesti
2231 3619 2346 3689 viri
2383 3621 2462 3690 de
2515 3623 2741 3691 eodem
2778 3620 3061 3712 capitulo

813 3732 1008 3826 parati
1051 3749 1230 3804 erant
1269 3737 1387 3803 sub
1421 3731 1762 3824 juramenti
1796 3733 2151 3804 assertione
2184 3736 2451 3824 probare
2486 3758 2556 3804 se
2585 3734 2821 3806 vidisse
2863 3738 3055 3805 deca-

814 3874 967 3921 num
1012 3872 1123 3940 per
1163 3849 1542 3921 electionem
1597 3848 1855 3939 capituli
1905 3849 1964 3918 in
2021 3850 2458 3920 Aurelianensi
2517 3851 2791 3923 ecclesia
2832 3855 3059 3922 subro-

811 3965 967 4057 gari.
1010 3969 1137 4035 Nos
1176 3964 1518 4055 siquidem,
1553 3962 1814 4033 veritate
1856 3963 2343 4052 diligentissime
2384 3964 2712 4055 inquisita,
2748 3990 2860 4056 pro
2894 3987 3049 4056 pace

807 4096 870 4151 et
922 4079 1161 4150 unitate
1196 4079 1361 4148 inter
1392 4101 1513 4149 nos
1540 4080 1968 4159 reformanda,
2012 4078 2484 4148 communicato
2533 4102 2680 4149 cum
2734 4079 3053 4178 religiosis

810 4194 958 4265 viris
1000 4193 1294 4277 consilio,
1331 4195 1436 4284 jus
1475 4191 1766 4262 ecclesiae
1817 4191 2262 4282 cognox·imuS‚
2315 4207 2380 4262 et
2429 4194 2708 4284 capitulo
2772 4195 3052 4266 Aurelia—

811 4308 992 4380 nensi
1037 4311 1396 4378 facultatem
1440 4304 2048 4394 eligendidecanum
2090 4304 2174 4377 ita
2214 4306 2657 4378 concessimus
2697 4313 2897 4398 quod,
2939 4313 3051 4380 de·

810 4416 1189 4489 cedentibus
1230 4413 1490 4485 decanis
1530 4412 1687 4495 suis,
1745 4413 1940 4484 libere
1979 4412 2101 4484 illis
2138 4412 2202 4482 in
2251 4429 2631 4505 perpetuum
2684 4416 2870 4486 liceat
2935 4419 3048 4486 de-

808 4554 1038 4602 canum
1094 4529 1215 4601 sibi
1254 4528 1515 4619 eligere,
1577 4543 1638 4598 et
1687 4526 1965 4618 quandiu
2023 4530 2212 4598 sedes
2253 4552 2447 4600 vacua
2487 4529 2703 4615 suerit,
2767 4528 3048 4600 redditus

811 4666 1038 4713 omnes
1067 4640 1373 4724 decaniae,
1407 4654 1640 4731 practer
1678 4663 1792 4721 eos
1831 4639 1936 4729 qui
1965 4643 2041 4710 ad
2082 4638 2669 4711 archidiaconatum
2705 4640 3043 4733 pertinent,
