3485 5571
1416 692 1773 755 -211—

1471 1073 1717 1135 CXXIX

1309 1372 1702 1451 Septembre
1720 1370 1870 1435 1201
1918 1357 1926 1365 ’

471 1623 727 1693 Hugues,
776 1622 987 1694 eveqne
1015 1623 1328 1692 d'OrleanS,
1361 1623 1562 1680 choisit
1606 1624 1689 1680 les
1713 1639 1954 1681 revenus
2001 1623 2071 1679 de
2101 1624 2219 1680 Bou
2250 1628 2304 1680 et
2345 1622 2422 1679 du
2475 1623 2715 1696 Trepoy,

541 1717 780 1774 laissant
808 1734 881 1774 au
911 1719 1162 1791 chapitre
1190 1734 1337 1791 pour
1361 1718 1781 1775 l’anniversaire
1810 1720 1878 1775 de
1904 1735 2008 1775 son
2038 1719 2441 1791 predecesseur
2469 1719 2523 1775 la
2544 1718 2721 1789 iouis·

540 1830 714 1869 sance
742 1813 812 1869 de
834 1812 906 1869 20
935 1814 1101 1870 livres
1129 1830 1229 1870 sur
1257 1815 1340 1870 les
1370 1814 1562 1871 oboles
1592 1815 1660 1870 de
1688 1817 2010 1871 Pentecote.

609 1960 789 2033 (orig.
820 1979 866 2018 s.
899 1963 1091 2035 purch.
1123 1963 1297 2018 Arch.
1331 1962 1408 2018 du
1434 1962 1645 2034 Loiret,
1671 1963 1739 2021 G.
1771 1962 1917 2032 385;
1951 1963 2202 2020 mention
2228 1962 2570 2040 Scriptum).

564 2183 774 2270 nugo,
806 2178 924 2251 Dei
957 2177 1155 2271 gratia
1195 2179 1672 2253 Aurelianensis
1711 2179 2084 2273 episcopus,
2124 2179 2427 2251 omnibus
2459 2199 2723 2272 presen-

471 2307 603 2365 tem
646 2297 949 2384 paginam
990 2294 1357 2365 videntibus
1397 2297 1666 2366 salutem
1704 2297 1773 2365 in
1826 2293 2128 2366 Domino.
2174 2297 2327 2364 Cum
2371 2292 2472 2386 pie
2512 2314 2726 2364 recor-

469 2409 751 2483 dationis
784 2411 1166 2483 venerabilis
1208 2425 1387 2504 pater
1435 2435 1507 2483 ac
1552 2414 1829 2483 domnus
1870 2411 2207 2496 Henricus‚
2249 2409 2724 2482 Aurelianensis

467 2527 843 2618 episcopus,
874 2525 938 2596 in
964 2529 1319 2598 remedium
1348 2527 1561 2599 anime
1587 2551 1703 2598 sue
1730 2527 2006 2599 ecclesie
2037 2526 2478 2598 Aurelianensi
2514 2530 2617 2598 XX
2645 2527 2724 2595 li-

468 2643 617 2712 bras
661 2638 1113 2732 parisiensium
1145 2640 1606 2727 concessisset,
1650 2639 1839 2712 annis
1864 2639 2138 2732 siugulis
2177 2643 2244 2710 in
2280 2641 2720 2712 anniversario

468 2778 588 2828 suo
641 2754 1115 2827 distribuendas
1155 2759 1349 2847 supe'r
1387 2755 1532 2828 illos
1585 2756 1877 2828 redditus
1916 2777 2081 2846 quos
2120 2758 2200 2826 ab
2226 2758 2481 2841 Odone,
2526 2753 2727 2826 milite

467 2874 546 2943 de
574 2876 827 2963 Ruppe,
868 2884 932 2942 et
964 2874 1171 2956 Petro,
1219 2870 1419 2943 milite
1465 2873 1544 2942 de
1585 2873 1792 2955 Bullo,
1835 2886 2078 2942 emerat
2125 2872 2293 2961 apud
2346 2873 2622 2953 Bullum,
2663 2889 2727 2941 et

472 3008 674 3078 super
713 2999 913 3057 terras
944 2987 1225 3056 arabiles
1255 3008 1414 3076 quas
1455 2984 1754 3056 similiter
1792 2998 2037 3057 emerat
2073 3008 2107 3055 a
2140 2987 2379 3074 majore
2420 2983 2719 3076 Strepeti,

468 3100 637 3192 ipsis
697 3098 918 3190 viginti
958 3098 1154 3169 libras
1194 3099 1576 3191 assignans;
1630 3122 1750 3171 suo
1788 3112 2002 3170 tamen
2044 3098 2409 3170 successori
2471 3098 2726 3189 reliquit

465 3213 798 3306 optionem
838 3214 1036 3303 quod,
1083 3211 1137 3283 si
1170 3215 1386 3285 mallet
1424 3211 1602 3304 ipsos
1628 3212 1917 3285 redditus
1956 3215 2125 3304 apud
2165 3215 2443 3298 Rullum,
2480 3227 2545 3285 et
2582 3236 2725 3304 pre-

466 3329 678 3399 dictas
717 3341 920 3398 terras
971 3322 1245 3399 arabiles
1286 3330 1543 3416 habere,
1601 3330 1814 3399 eidem
1877 3326 1985 3418 qui
2026 3349 2140 3418 pro
2183 3340 2468 3419 tempore
2507 3351 2727 3399 succe·

466 3445 653 3514 deret
705 3440 925 3513 liceret
953 3441 1261 3533 episcopo
1299 3446 1403 3513 XX
1451 3441 1645 3514 libras
1685 3442 2088 3536 supradictas
2129 3444 2197 3513 in
2242 3443 2524 3514 denariis
2564 3446 2722 3515 obo-

466 3559 681 3627 lorum
710 3558 1129 3627 pentecostes
1156 3554 1595 3626 Aurelianensi
1622 3554 1903 3648 capitulo
1924 3554 2280 3647 assignare.
2319 3561 2449 3629 Nos
2478 3555 2717 3648 itaque,

467 3668 577 3762 qui
610 3682 967 3740 memorato
995 3671 1167 3739 bone
1189 3671 1499 3740 memorie
1522 3669 1852 3763 H[enrico]
1879 3664 2218 3761 episcopo,
2249 3671 2401 3742 licet
2448 3670 2722 3762 indigni,

467 3784 534 3854 in
604 3780 970 3855 ministerio
1037 3781 1382 3875 pontificali
1448 3782 1918 3869 successimus,
1991 3784 2361 3876 sepedictos
2436 3785 2723 3856 redditus

468 3900 642 3990 apud
723 3899 978 3969 Bullum
1043 3911 1108 3968 et
1160 3909 1362 3970 terras
1449 3902 1617 3990 apud
1680 3904 2049 3991 Strepetum
2127 3902 2403 3973 arabiles
2477 3904 2712 3974 habere

471 4008 935 4102 preeligentes,
996 4009 1434 4082 Aurelianensi
1502 4010 1779 4083 ecclesie
1838 4016 1943 4083 XX
2011 4012 2209 4083 libras
2286 4012 2350 4083 in
2410 4014 2723 4105 jamdicto

469 4125 914 4196 anniversario
964 4123 1443 4197 distribuendas
1504 4148 1699 4218 super
1751 4126 2049 4199 denarios
2096 4130 2431 4200 obolorum
2495 4128 2603 4220 qui
2657 4130 2722 4199 in

473 4242 857 4311 Pentecoste
887 4240 1221 4309 solvuntur
1245 4238 1738 4331 assignavimus,
1762 4242 1902 4312 sine
1930 4255 2146 4313 contra
2159 4240 2436 4313 dictione
2473 4257 2537 4313 et
2566 4242 2723 4313 dila-

475 4351 649 4424 tione
686 4354 1020 4424 annuatim
1060 4375 1097 4424 a
1124 4351 1404 4445 capitulo
1446 4353 1873 4447 recipiendas.
1919 4357 2104 4441 Quod
2147 4368 2215 4424 ut
2254 4368 2558 4447 perpetua
2594 4369 2722 4426 sta-

475 4466 718 4537 bilitate
778 4481 1169 4558 perseveret,
1230 4490 1504 4558 presens
1560 4468 1870 4559 scriptum
1935 4467 2136 4540 nostri
2207 4468 2479 4540 fecimus
2531 4468 2722 4559 sigilli

479 4579 836 4653 munimine
875 4582 1184 4653 roborari.
1210 4587 1437 4654 Actum
1476 4605 1645 4655 anno
1675 4584 1876 4675 gratie
1926 4588 1978 4653 M
2010 4583 2458 4655 ducentesimo
2488 4581 2720 4674 primo,

482 4717 707 4769 mense
740 4694 1111 4789 septembri.
