3485 5571
1357 678 1715 742 -453—

409 810 661 879 decima
704 811 798 879 vel
840 830 987 899 pars
1024 809 1281 900 ejudem
1335 810 1414 876 ab
1472 806 1614 897 ipso
1671 808 2025 896 Baginaldo
2066 805 2267 878 milite
2304 811 2399 880 vel
2435 813 2663 901 prede-

412 921 785 993 cessoribus
820 920 1025 1013 ipsius
1064 921 1251 992 luerit
1285 923 1559 1011 obligata
1601 919 1817 1004 alicui,
1849 933 1914 990 et
1942 918 2151 1012 aliqua
2182 920 2435 1012 questio
2470 946 2665 1014 super

413 1037 544 1105 hoc
618 1048 788 1105 mota
828 1032 1017 1105 fuerit
1090 1048 1312 1104 contra
1358 1033 1566 1103 dictos
1616 1035 1932 1103 decanum
1974 1046 2037 1104 et
2067 1035 2448 1125 capitulum,
2491 1040 2663 1126 quod

415 1148 625 1219 dictos
667 1150 982 1217 decanum
1022 1159 1086 1218 et
1121 1145 1466 1237 capitulum
1505 1148 1827 1217 deffendet
1862 1160 1926 1217 et
1963 1145 2029 1215 in
2070 1168 2142 1217 se
2181 1170 2294 1245 pro
2333 1147 2492 1239 ipsis
2522 1172 2666 1221 sus-

415 1260 612 1353 cipiet
651 1263 863 1333 honus
900 1261 1059 1345 litis,
1107 1276 1171 1332 et
1212 1273 1409 1331 totam
1469 1259 1706 1330 dictam
1752 1257 2067 1331 decimam
2099 1258 2289 1332 dictis
2329 1264 2575 1336 decano
2602 1278 2666 1335 et

412 1375 698 1467 capitulo
758 1376 1001 1468 quitam
1066 1390 1128 1445 et
1169 1373 1429 1445 liberam
1488 1376 1566 1443 ab
1624 1377 1867 1445 honere
1929 1371 2348 1465 obligacionis
2403 1377 2669 1449 cuilibet

412 1503 638 1561 contra
667 1512 895 1560 omnes
946 1488 1266 1573 liberabit,
1319 1486 1634 1578 garentiet
1672 1501 1737 1557 et
1777 1489 2101 1558 deffendet
2132 1487 2267 1559 suis
2300 1490 2666 1582 sumptibus

410 1617 478 1675 et
509 1605 832 1695 expensis,
875 1605 1048 1694 quod
1091 1626 1244 1673 uxor
1283 1624 1397 1673 sua
1437 1615 1502 1672 et
1534 1624 1765 1672 omnes
1792 1600 2242 1693 lratresipsius
2275 1602 2494 1676 militis
2534 1606 2667 1678 dic-

413 1730 515 1789 tas
552 1718 1001 1790 vendicionem
1036 1715 1552 1809 etquitacionem
1592 1730 1655 1786 et
1696 1716 1912 1786 omnia
1934 1729 1997 1786 et
2024 1713 2273 1806 singula
2302 1718 2667 1809 supradicta

410 1836 657 1914 volent,
722 1834 1072 1902 laudabunt
1124 1846 1186 1902 et
1226 1832 1609 1915 concedent,
1661 1843 1726 1900 et
1764 1831 1821 1899 si
1879 1828 2030 1920 quid
2080 1828 2242 1920 juris
2275 1833 2550 1902 babeant
2601 1833 2664 1904 in

412 1943 590 2016 dicta
633 1943 879 2015 decima
915 1943 1069 2039 illud
1110 1941 1299 2013 dictis
1340 1945 1584 2013 decano
1623 1953 1687 2012 et
1720 1940 2014 2032 capitulo*
2034 1942 2373 2031 quitabunt
2407 1942 2665 2033 penitus

411 2072 476 2129 et
518 2081 672 2150 pure
738 2056 1086 2140 dimittent,
1142 2070 1205 2128 et
1258 2077 1451 2147 super
1498 2058 1620 2126 hoc
1673 2057 1916 2125 dabunt
1969 2069 2034 2125 et
2076 2059 2442 2127 concedent
2477 2055 2665 2128 dictis

412 2176 665 2245 decano
713 2187 777 2244 et
827 2171 1107 2263 capitulo
1164 2173 1409 2241 litteras
1468 2173 1588 2241 sub
1656 2168 1868 2260 sigillo
1929 2173 2257 2242 autentico
2326 2169 2660 2262 sigillatas.

414 2286 720 2359 Promisit
744 2286 1029 2377 insuper,
1060 2295 1235 2356 etc...
1265 2290 1359 2357 De
1389 2283 1622 2375 quibus
1644 2282 1946 2354 omnibus
1969 2299 2034 2355 et
2060 2285 2331 2375 singulis
2356 2287 2664 2378 predictis

412 2400 717 2473 tenendis
749 2418 811 2472 et
873 2399 1304 2492 adimplendis
1341 2402 1668 2469 lohannes
1730 2401 1810 2468 de
1850 2400 2195 2489 Villepion,
2232 2400 2441 2483 miles,
2478 2424 2667 2493 prop-

411 2527 512 2587 ter
546 2519 668 2587 boc
725 2514 787 2585 in
840 2531 1055 2585 nostra
1116 2512 1446 2606 presencia
1487 2509 1901 2594 constitutus,
1957 2535 2069 2603 pro
2114 2512 2285 2584 dicto
2318 2513 2664 2605 Raginaldo

412 2652 566 2721 erga
599 2628 809 2700 dictos
840 2631 1151 2700 decanum
1201 2640 1265 2699 et
1328 2624 1676 2715 capitulum
1732 2649 1844 2717 per
1898 2627 2087 2697 fidem
2138 2650 2318 2698 suam
2359 2627 2422 2698 in
2466 2652 2662 2701 manu

411 2758 637 2816 nostra
703 2745 1032 2835 prestitam
1089 2744 1484 2833 corporalem
1552 2763 1622 2812 se
1688 2739 2050 2811 constituit·
2094 2743 2535 2833 fidejussorem
2599 2759 2665 2818 et

412 2859 620 2932 eciam
686 2860 1105 2950 principalem
1167 2856 1522 2928 debitorem
1557 2870 1625 2927 et
1677 2854 2091 2926 redditorem.
2132 2859 2205 2926 Et
2244 2871 2555 2948 quantum
2582 2861 2661 2930 ad

411 2971 632 3045 omnia
664 2986 727 3045 et
758 2970 1031 3063 singula,
1067 2984 1239 3042 etc...
1282 2974 1349 3040 In
1392 2972 1577 3061 cujus
1602 2967 1691 3040 rei
1735 2969 2110 3041 memoriam
2132 2986 2196 3042 et
2222 2970 2661 3043 testimonium

412 3087 828 3180 presentibus
857 3083 1083 3157 litteris
1124 3083 1403 3177 sigillum
1445 3082 1920 3155 Aurelianensis
1952 3084 2126 3156 curie
2151 3084 2444 3157 duximus
2469 3109 2665 3178 appo-

412 3204 726 3273 nendum.
776 3206 1007 3272 Datum
1068 3223 1235 3271 anno
1286 3197 1541 3270 Domini
1596 3200 1751 3269 MCC
1811 3202 1960 3270 LXX
1995 3200 2297 3290 septimo,
2349 3201 2452 3272 die
2489 3202 2661 3292 jovis

411 3328 564 3406 post
601 3312 864 3386 estivale
885 3316 1118 3385 festum
1161 3312 1325 3384 beati
1360 3310 1629 3384 Martini.
