3485 5571
1632 731 1714 743 -
1754 695 1873 759 424
1920 729 1991 742 -

687 838 862 896 esset
891 821 1324 895 controversia
1364 821 1530 895 inter
1590 847 1712 895 nos
1760 839 1826 895 et
1873 824 2081 896 dictos
2119 826 2430 896 decanum
2468 836 2535 896 et
2575 826 2933 916 capitulum

687 962 882 1030 super
941 941 1065 1010 boc
1118 940 1288 1028 quod
1355 960 1474 1009 nos
1533 936 1907 1010 dicebamus
1979 937 2219 1010 dictum
2278 939 2623 1030 capitulum
2688 938 2934 1010 emisse

687 1069 888 1125 terras
957 1052 1023 1122 in
1091 1050 1233 1122 villa
1273 1053 1353 1122 de
1418 1051 1751 1123 Vitlecoch
1793 1065 1859 1124 et
1896 1052 2064 1124 circa
2122 1051 2184 1122 in
2230 1055 2417 1124 {eodo
2456 1066 2705 1137 nostro,
2751 1055 2929 1143 quod

686 1173 895 1239 facere
922 1189 1048 1237 non
1087 1179 1333 1257 poterat
1370 1189 1490 1237 nec
1533 1169 1835 1253 debebat,
1870 1165 2060 1238 dictis
2099 1169 2345 1238 decano
2392 1180 2457 1237 et
2494 1166 2773 1258 capitulo
2820 1191 2930 1236 su-

688 1305 800 1374 per
839 1285 961 1352 boc
999 1280 1062 1350 in
1097 1281 1486 1351 contrarium
1525 1279 1808 1352 rationes
1840 1281 2147 1374 plurimas
2184 1279 2631 1371 allegantibus.
2666 1284 2824 1352 Item
2865 1294 2931 1351 et

687 1418 881 1486 super
912 1399 1035 1466 hoc
1072 1396 1243 1485 quod
1286 1392 1436 1464 dicti
1477 1397 1763 1466 decanus
1811 1410 1875 1467 et
1914 1389 2261 1486 capitulum
2297 1398 2614 1466 habebant
2644 1394 2707 1464 in
2762 1408 2930 1465 terra

686 1533 804 1580 sua
843 1512 921 1580 de
962 1511 1245 1598 Caprelia
1266 1511 1539 1599 quedam
1564 1508 1732 1599 ligna
1772 1509 1852 1579 ad
1880 1523 2111 1580 terram
2142 1508 2446 1600 jacentia,
2492 1508 2751 1579 nomine
2790 1512 2925 1578 sur-

686 1647 903 1695 carum
943 1624 1115 1693 etde
1149 1622 1384 1712 quibus
1420 1624 1582 1692 facte
1622 1625 1874 1693 fuerant
1899 1626 2098 1711 turce,
2130 1646 2254 1714 que
2308 1621 2476 1713 ligna
2506 1624 2585 1694 de
2625 1624 2929 1693 mandato

685 1751 964 1809 nostroa
1009 1734 1181 1807 dicto
1231 1737 1372 1806 loco
1408 1739 1658 1806 fuerant
1697 1749 2043 1828 asportata,
2089 1751 2149 1808 et
2192 1736 2347 1807 dicti
2392 1738 2675 1807 decanus
2723 1750 2785 1807 et
2826 1759 2932 1807 ca·

686 1853 955 1942 pitulum
984 1873 1017 1921 a
1048 1849 1236 1921 nobis
1291 1863 1583 1941 peterent
1630 1852 1801 1941 quod
1842 1874 1963 1922 nos
2003 1849 2363 1942 predictum
2420 1853 2633 1922 locum
2672 1853 2751 1921 de
2782 1873 2931 1941 pre·

686 1965 873 2038 dictis
918 1965 1107 2056 lignis
1164 1967 1521 2036 faceremus
1579 1964 1887 2051 resaisiri,
1929 1978 1993 2037 et
2031 1987 2152 2036 nos
2189 1968 2485 2036 volumus
2523 1978 2586 2036 et
2622 1963 2927 2037 concedi-

684 2104 828 2151 mus
859 2082 1029 2170 quod
1055 2081 1238 2149 locus
1267 2078 1592 2170 predictus
1624 2077 1931 2169 predictis
1957 2079 2150 2171 lignis
2172 2077 2542 2151 resaisiatur
2569 2093 2632 2150 et
2654 2094 2933 2172 postmo-

685 2197 836 2266 dum
877 2196 1110 2264 veritas
1165 2191 1427 2284 justicie
1493 2192 1809 2264 dictarum
1850 2197 2166 2264 turcarum
2225 2193 2601 2284 inquiratur.
2644 2197 2927 2265 Tandem

685 2323 833 2401 post
869 2310 1106 2379 multas
1151 2307 1603 2379 altercationes
1654 2331 1852 2401 super
1891 2306 2195 2400 predictis
2253 2308 2531 2393 habitas,
2590 2311 2669 2380 de
2726 2310 2930 2381 bono·

683 2446 827 2494 rum
866 2420 1164 2505 consilio,
1201 2443 1349 2507 noS,
1390 2443 1464 2492 ex
1497 2444 1619 2492 una
1659 2436 1865 2514 parte,
1921 2437 1987 2492 et
2044 2419 2194 2492 dicti
2236 2423 2522 2492 decanus
2584 2435 2649 2492 et
2686 2422 2930 2514 capitu-

684 2540 845 2620 lum,
887 2559 961 2608 ex
998 2539 1220 2623 attera,
1279 2534 1343 2605 in
1406 2535 1805 2607 venerabiles
1859 2534 2027 2607 viros
2085 2533 2460 2627 magistrum
2492 2537 2925 2630 R[enerium],

683 2657 1080 2723 Drocensem
1127 2648 1652 2721 archidiaconum
1698 2648 1764 2720 in
1826 2649 2101 2721 ecclesia
2167 2649 2570 2733 carnotensi,
2612 2664 2677 2722 et
2722 2650 2927 2719 domi-

681 2790 836 2837 num
865 2770 1123 2838 Petrum
1149 2766 1227 2836 de
1255 2764 1535 2850 Marolio,
1571 2767 1886 2837 decanum
1927 2767 2450 2857 Magdunensem,
2489 2778 2553 2837 et
2593 2762 2925 2837 dominum

687 2883 1094 2973 Radulpbum
1133 2882 1213 2951 de
1254 2879 1624 2964 Cbevriaco‚
1676 2880 2200 2971 archidiaconum
2245 2878 2694 2963 Parisiensem‚
2744 2904 2777 2951 a
2815 2904 2929 2951 no-

683 2997 784 3067 bis
822 3011 886 3068 et
926 2996 1116 3067 dictis
1167 2999 1412 3066 decano
1476 3010 1539 3067 et
1605 2998 1893 3086 capitulo
1952 2994 2382 3066 communiter
2421 2997 2702 3086 desuper
2757 2999 2929 3067 elec-

685 3127 819 3182 tum
863 3110 916 3182 si
973 3114 1098 3182 duo
1140 3110 1408 3202 predicti
1449 3109 1663 3180 arbitri
1698 3109 1761 3179 in
1809 3133 1996 3181 unam
2037 3134 2162 3181 non
2207 3123 2472 3201 possent
2532 3113 2927 3181 concordare

683 3225 1106 3308 sentenciam,
1135 3228 1317 3316 cujus
1349 3224 1666 3297 sententia
1688 3247 1834 3296 cum
1860 3228 2061 3296 altero
2084 3224 2516 3317 predictorum
2547 3228 2929 3315 prevaleret,

684 3364 877 3433 super
916 3332 1218 3411 omuibus
1248 3355 1311 3411 et
1351 3338 1622 3431 singulis
1663 3338 1967 3431 predictis
2019 3338 2477 3411 controversiis
2514 3339 2934 3431 compromit-

683 3456 879 3527 timus
919 3478 1075 3547 pace
1115 3458 1211 3528 vel
1245 3454 1488 3547 judicio
1523 3478 1558 3525 a
1599 3453 1791 3525 dictis
1849 3453 2104 3525 arbitris
2159 3455 2605 3526 terminandis.
2658 3453 2933 3526 Promit-

685 3584 921 3653 tenteS,
962 3581 1133 3642 etc...
1179 3568 1534 3657 Quian-bitri
1577 3591 1766 3640 suum
1809 3571 2042 3640 debent
2075 3571 2357 3660 proferre
2395 3568 2727 3640 arbitrium
2767 3568 2929 3640 infra

685 3684 1205 3775 Assumptionem
1233 3687 1417 3755 beate
1457 3684 1643 3754 Marie
1682 3681 1944 3774 virginis
1998 3681 2288 3775 proximo
2327 3697 2681 3755 venturam.
2734 3685 2933 3755 Volu-

688 3822 832 3869 mus
880 3813 1092 3870 autem
1153 3813 1216 3870 et
1273 3796 1692 3870 concedimus
1734 3799 1904 3888 quod
1937 3796 2020 3881 si,
2058 3799 2382 3887 pendente
2422 3796 2596 3869 dicto
2636 3821 2936 3889 compro-

686 3914 916 3995 misso,
951 3912 1159 4003 aliqua
1185 3910 1451 4003 justicia
1479 3909 1542 3981 in
1575 3909 1720 3981 villa
1763 3913 1841 3982 de
1879 3912 2146 3982 Noemio
2184 3908 2470 3981 evenerit
2509 3910 2795 3983 iacienda
2818 3934 2934 3983 su-

686 4050 801 4118 per
837 4026 964 4097 iuis
1005 4049 1200 4118 super
1229 4025 1462 4117 quibus
1495 4038 1595 4096 est
1633 4023 2201 4116 compromissum,
2242 4027 2416 4115 quod
2469 4023 2640 4096 dicta
2667 4025 2935 4117 justicia

688 4164 802 4235 per
848 4164 1076 4211 manus
1134 4143 1448 4211 dictorum
1498 4138 1878 4211 arbitrorum
1929 4152 2325 4210 exerceatur.
2393 4143 2656 4211 Necuon
2698 4162 2936 4211 conce-

689 4256 901 4326 dimus
930 4269 995 4326 et
1023 4259 1319 4326 volumus
1359 4257 1528 4344 quod
1561 4277 1755 4344 super
1803 4252 2096 4345 inquesta
2136 4257 2300 4323 sacta
2349 4255 2429 4325 de
2478 4256 2777 4325 mandato
2817 4257 2935 4325 do-

690 4369 847 4439 mini
887 4369 1055 4461 regis
1105 4392 1299 4460 super
1335 4369 1526 4439 dictis
1584 4368 2004 4439 tensamentis
2053 4370 2225 4440 salve
2278 4367 2406 4438 sint
2444 4367 2739 4440 raciones
2777 4371 2935 4441 hinc

688 4499 752 4556 et
779 4483 952 4571 inde,
992 4483 1175 4554 sicuti
1202 4486 1372 4554 salve
1411 4495 1591 4554 erant
1621 4487 1685 4553 in
1728 4482 1902 4553 curia
1943 4482 2185 4554 domiui
2213 4482 2406 4574 regis,
2452 4496 2516 4553 et
2554 4484 2725 4573 quod
2754 4485 2928 4553 dicta

691 4597 986 4690 inquesta
1011 4600 1216 4669 valeat
1253 4620 1466 4669 coram
1495 4596 1683 4668 dictis
1729 4595 1990 4670 arbitris
2030 4596 2197 4668 acsi
2230 4601 2394 4670 facta
2451 4612 2629 4669 esset
2683 4599 2761 4670 ab
2800 4597 2933 4670 eis-
