3485 5571
1352 647 1710 712 -407-

409 799 632 849 eorum
672 778 1019 850 heredibus
1056 800 1246 868 quam
1278 777 1467 849 uobis
1492 774 1684 849 etiam
1722 790 1787 849 et
1824 781 2106 851 ecclesie
2152 793 2372 853 nostre
2411 804 2485 853 ex
2523 784 2646 854 hu·

409 892 691 984 jusmodi
734 891 1160 965 concessione
1199 889 1510 964 libertatis
1555 891 1916 983 provenire,
1958 893 2132 986 ipsas
2171 916 2481 986 personas
2524 897 2656 988 pie·

418 1006 563 1077 tatis
595 1005 833 1076 intuitu
862 1020 926 1078 et
964 1028 1193 1077 omnes
1235 1007 1504 1077 heredes
1531 1028 1694 1097 quos
1738 1029 1909 1078 nunc
1939 1010 2179 1079 habent
2227 1024 2291 1080 et
2333 1033 2494 1100 quos
2533 1009 2656 1081 im-

413 1120 744 1209 posterum
801 1121 880 1190 de
948 1116 1224 1210 propriis
1301 1117 1680 1208 corporibus
1742 1119 2028 1210 legitime
2104 1122 2576 1213 procreaverint
2620 1146 2660 1194 a

401 1233 566 1323 jugo
605 1231 929 1303 servitutns
960 1229 1484 1303 manumictimus
1540 1245 1603 1302 et
1629 1243 1903 1322 quatuor
1942 1233 2228 1304 denariis
2275 1234 2658 1327 capitalibus

409 1360 474 1416 et
508 1344 1004 1436 forismaritagio
1066 1344 1130 1414 in
1170 1345 1404 1435 quibus
1445 1344 1634 1415 nohis
1675 1348 2060 1417 tenebantur
2099 1346 2361 1420 omniuo
2427 1347 2658 1421 libera·

410 1459 617 1531 vimus
652 1462 775 1530 sub
799 1457 1285 1531 conditionibus
1308 1473 1372 1529 et
1405 1457 1812 1550 pactionibus
1838 1459 2108 1531 inferius
2147 1460 2409 1534 insertis
2439 1479 2508 1535 et
2546 1466 2660 1535 ad-

406 1575 623 1665 jectis.
656 1578 750 1645 De
768 1576 1091 1645 voluntate
1131 1572 1441 1664 ipsarum,
1473 1596 1600 1645 non
1643 1585 1855 1645 tamen
1889 1597 2082 1646 causa
2106 1579 2434 1648 onerande
2468 1575 2659 1649 liber-

408 1690 560 1759 tatis
600 1688 744 1758 talia
779 1690 915 1779 jura
957 1686 1337 1759 retinuimus
1367 1701 1432 1759 et
1471 1686 1825 1759 retinemus
1864 1688 1929 1758 in
1966 1688 2126 1781 ipsis
2194 1690 2660 1764 consentienti-

410 1806 533 1873 bus
565 1804 723 1873 etin
769 1804 1113 1874 heredibus
1129 1803 1266 1873 suis
1303 1814 1369 1872 et
1405 1804 1598 1872 rebus
1638 1805 2041 1886 eorumdem,
2073 1806 2151 1874 ad
2183 1827 2658 1897 quemcumque

413 1919 628 1989 locum
671 1939 743 1989 se
782 1918 1196 2001 transferant,
1228 1917 1293 1987 in
1335 1929 1500 1988 terra
1536 1930 1599 1987 et
1666 1918 1931 2007 justicia
1970 1931 2186 1989 nostra
2227 1917 2394 1999 sitis,
2431 1919 2653 1991 videli-

408 2045 513 2104 cet
559 2035 870 2103 honorem
909 2031 1217 2115 debitum,
1262 2032 1690 2103 reverentiam
1730 2043 1795 2102 et
1821 2053 1895 2102 ea
1924 2053 2050 2123 que
2089 2033 2302 2104 solent
2325 2046 2390 2104 et
2417 2036 2654 2106 debent

407 2145 619 2217 liberti
663 2143 946 2236 patronis
975 2144 1112 2216 suis
1142 2145 1464 2217 exhibere.
1507 2148 1668 2216 Item
1716 2147 2054 2217 voluerunt
2093 2159 2157 2217 et
2194 2161 2656 2221 concesserunt

410 2258 699 2351 predicte
769 2282 1068 2351 persone,
1123 2258 1383 2331 nomine
1422 2282 1541 2331 suo
1598 2273 1664 2330 et
1698 2258 1959 2332 nomine
2006 2262 2317 2332 heredum
2359 2283 2654 2347 suorum,

410 2376 585 2465 quod
632 2396 761 2445 non
795 2387 1094 2468 poterunt
1120 2375 1361 2445 intrare
1394 2372 1652 2464 aliquod
1682 2395 2030 2446 commune
2070 2397 2191 2446 nec
2222 2374 2357 2447 fieri
2412 2377 2654 2448 milites

407 2490 551 2560 sine
581 2487 837 2559 lucentia
878 2501 1093 2560 nostra
1136 2490 1331 2580 petita
1373 2487 1549 2580 prius
1586 2502 1650 2559 et
1689 2491 1991 2573 obtenta;
2054 2502 2119 2560 et
2156 2491 2329 2580 quod
2361 2488 2656 2562 homines

407 2602 685 2675 ecclesie
712 2602 1185 2674 Aurelianensis
1219 2600 1646 2693 justiciabiles
1682 2601 1870 2674 nohis
1910 2624 2026 2694 per
2065 2625 2137 2674 se
2165 2605 2261 2674 vel
2305 2627 2418 2694 per
2458 2603 2651 2674 alium
2684 2655 2690 2660 -

410 2740 541 2790 non
583 2720 835 2790 trahent
873 2719 951 2789 ad
1007 2716 1196 2789 aliam
1256 2715 1581 2809 justiciam
1641 2738 1830 2809 quam
1881 2718 1959 2789 ad
1995 2714 2320 2809 justiciam
2364 2730 2655 2790 nostram

411 2834 555 2903 sive
592 2836 801 2903 lorum
832 2845 1149 2916 nostrum,
1192 2831 1496 2924 quamdiu
1529 2854 1647 2903 nos
1679 2834 1776 2902 vel
1810 2835 2177 2903 mandatum
2207 2845 2503 2904 nostrum
2547 2856 2656 2924 pa-

407 2946 532 3019 rati
575 2944 881 3018 fuerimus
934 2945 1179 3018 eisdem
1225 2945 1553 3037 justiciam
1611 2946 1960 3030 exhibere;
2024 2968 2145 3017 uec
2198 2944 2654 3037 possessiones

410 3083 573 3153 quas
613 3062 850 3131 babent
885 3063 980 3131 vel
1021 3058 1296 3130 habituri
1355 3072 1507 3131 suut
1564 3060 1631 3129 in
1675 3072 1841 3131 terra
1882 3071 2100 3131 nostra
2158 3062 2436 3132 vendere
2476 3072 2653 3150 pote·

408 3188 562 3246 runt
593 3172 908 3245 militibus
946 3188 1055 3244 aut
1094 3172 1424 3244 nobilibus
1454 3171 1753 3264 personis
1793 3186 1904 3244 aut
1951 3195 2361 3265 quocumque
2409 3171 2533 3243 alio
2578 3170 2657 3243 ti-

411 3292 545 3360 tulo
584 3287 647 3357 in
679 3287 1045 3381 hujusmodi
1088 3310 1398 3380 personas
1427 3290 1775 3360 transferre
1807 3288 1952 3359 sine
2007 3287 2266 3360 licentia
2306 3301 2550 3371 nostra,
2594 3303 2658 3359 et

409 3416 675 3495 propter
716 3406 837 3473 hoc
875 3425 946 3475 se
972 3416 1036 3474 et
1069 3405 1340 3475 heredes
1378 3415 1440 3474 et
1481 3425 1897 3474 successores
1950 3426 2105 3475 suos
2144 3416 2210 3474 et
2247 3401 2458 3474 omnia
2491 3405 2659 3473 bona

409 3540 526 3589 sua
551 3515 876 3608 presentia
921 3532 987 3588 et
1024 3520 1230 3588 lutura
1280 3516 1513 3609 pariter
1558 3515 1946 3607 obligarunt.
2000 3521 2157 3588 Item
2215 3531 2430 3589 actum
2469 3529 2661 3589 estet

409 3645 802 3703 conventum
852 3630 1016 3703 inter
1075 3654 1193 3703 nos
1233 3647 1298 3704 et
1338 3634 1658 3724 predictas
1717 3654 2030 3723 personas
2068 3634 2238 3723 quod
2270 3630 2658 3703 retinuimus

410 3762 476 3819 et
513 3749 866 3831 retinemus
893 3746 956 3815 in
1008 3745 1312 3837 predictis
1350 3746 1644 3837 personis
1675 3759 1739 3816 et
1778 3768 1999 3817 eorum
2030 3748 2378 3817 heredibus
2418 3760 2482 3817 et
2507 3769 2659 3817 suc-

411 3860 783 3932 cessoribus
824 3860 959 3931 suis
999 3858 1258 3931 tailliam
1312 3862 1391 3931 ad
1441 3858 1917 3951 beneplacitum
1972 3874 2293 3944 nostrum,
2354 3862 2506 3930 dum
2564 3874 2660 3931 ta-

416 3997 566 4045 men
607 3974 671 4044 in
712 3989 879 4045 terra
909 3987 1128 4045 nostra
1168 3973 1473 4046 hostisias
1514 3976 1606 4045 vel
1651 3973 2103 4066 possessiones
2146 3974 2484 4047 habuerint
2543 3997 2657 4046 seu

414 4088 653 4161 fuerint
681 4088 1065 4171 residentes,
1101 4111 1228 4159 non
1268 4093 1568 4161 obstante
1607 4087 2074 4180 prescriptione
2100 4087 2462 4179 longissimi
2496 4101 2661 4160 tem-

416 4202 590 4295 poris
622 4225 736 4275 seu
791 4204 1003 4294 aliquo
1057 4201 1389 4294 privilegio
1446 4204 1694 4274 indulto
1763 4202 1898 4274 sive
1961 4202 2353 4293 indulgendo
2408 4225 2443 4273 a
2500 4226 2658 4294 quo-

415 4340 716 4408 cumque.
741 4321 895 4386 Item
921 4340 1157 4388 census
1184 4339 1438 4401 omnes,
1479 4340 1643 4408 quos
1679 4315 1866 4387 nobis
1894 4315 2070 4407 prius
2106 4318 2447 4397 debebant,
2485 4329 2663 4387 tene-

416 4434 823 4525 bunturipse
853 4456 1126 4523 persone
1180 4432 1572 4503 manumisse
1627 4447 1691 4503 et
1734 4434 2007 4503 heredes
2046 4430 2143 4501 sui
2209 4431 2342 4501 sive
2399 4452 2662 4503 succes-

414 4569 594 4618 sores
627 4561 692 4618 ct
718 4544 901 4618 illiad
932 4571 1095 4638 quos
1126 4550 1315 4630 bona,
1353 4547 1597 4617 ratione
1626 4569 1897 4637 quorum
1934 4568 2170 4617 census
2206 4542 2391 4615 nobis
2424 4547 2663 4615 deben-

417 4674 543 4745 tur,
579 4684 986 4754 quocumque
1038 4663 1223 4733 titulo
1255 4660 1653 4745 devenerint,
1694 4658 1802 4751 qui
1836 4682 1948 4751 pro
2000 4672 2288 4751 tempore
2330 4656 2561 4731 luerint
2601 4670 2667 4730 et
