3485 5571
1341 641 1695 704 —299-

367 771 589 842 voluit
627 783 692 841 et
722 769 1022 855 laudavit,
1065 783 1127 840 et
1168 791 1281 861 pro
1320 766 1493 839 dicto
1533 766 1879 839 Gnillermo
1913 791 2127 840 coram
2168 769 2357 840 nobis
2397 769 2645 861 plegius

367 883 633 955 exstitit
702 886 874 973 quod
915 881 1147 953 dictam
1176 884 1440 953 domum
1462 881 1635 954 dicto
1666 882 1975 973 magistro
1999 900 2062 954 et
2092 882 2385 954 nutriciis
2410 906 2646 955 secun-

365 1000 536 1068 dnm
578 997 1116 1068 consuetudinem
1172 996 1696 1068 Aurelianensem
1749 1000 1915 1068 bona
1959 999 2083 1068 fide
2135 998 2519 1087 garantiret.
2571 1002 2642 1068 lu

365 1115 573 1202 cnjus
612 1110 705 1183 rei
754 1110 1129 1182 memoriam
1180 1124 1244 1183 et
1298 1110 1740 1183 testimoninm
1780 1114 1859 1181 ad
1925 1109 2311 1201 peticionem
2368 1111 2640 1202 partium

364 1241 724 1318 presentes
755 1227 998 1297 litteras
1030 1225 1166 1297 fieri
1208 1224 1477 1297 lecimus
1506 1240 1570 1297 et
1600 1224 1810 1317 sigillo
1856 1225 2293 1298 Aurelianensi
2322 1226 2633 1297 roborari.

366 1347 610 1414 Actum
651 1364 822 1413 anno
847 1340 1100 1414 Domini
1129 1344 1285 1412 MCC
1318 1341 1625 1413 vicesimo
1654 1339 1903 1432 quinto,
1942 1362 2168 1412 mense
2191 1340 2398 1432 Junio.

1441 1727 1584 1789 CCX

1253 2008 1536 2072 Octobre
1579 2007 1760 2071 1225.

539 2260 765 2317 Accord
796 2266 953 2317 entre
982 2261 1169 2318 Eudes
1199 2262 1363 2318 Borel
1392 2267 1446 2317 et
1473 2262 1527 2317 le
1553 2261 1805 2333 chapitre
1832 2276 1902 2316 au
1947 2262 2096 2333 sajet
2123 2261 2200 2317 du
2229 2261 2475 2333 pressoir

367 2365 422 2414 et
450 2360 525 2415 de
557 2361 614 2414 la
645 2359 794 2415 dime
821 2360 920 2415 des
950 2360 1069 2415 vins
1098 2360 1167 2415 de
1187 2360 1508 2425 Fontaines‚
1538 2364 1595 2414 et
1619 2359 1732 2414 don
1759 2359 1830 2414 de
1855 2360 1890 2412 7
1919 2363 2148 2430 arpents
2175 2375 2245 2414 au
2276 2360 2405 2416 Bois
2444 2361 2631 2418 Borel.

848 2506 1033 2577 (Orig.
1067 2523 1111 2559 s.
1148 2505 1340 2578 purch.
1373 2504 1541 2561 Arch.
1575 2504 1651 2560 du
1681 2504 1887 2561 Loirel.
1921 2505 1986 2561 G.
2018 2502 2168 2573 325).

462 2723 788 2797 Omnibus
832 2737 1163 2817 presentes
1206 2726 1447 2795 litteras
1485 2720 1901 2815 inspecturis,
1933 2724 2321 2816 Stephanus,
2347 2724 2632 2794 decanus

373 2842 452 2909 de
482 2839 769 2921 Pertico‚
811 2842 1081 2911 salutem
1118 2839 1182 2909 in
1211 2840 1514 2910 Domino.
1542 2838 1845 2910 Noverint
1882 2835 2159 2909 universi
2189 2842 2358 2929 quod
2387 2837 2630 2909 litteras

372 2951 616 3024 nobilis
649 2952 763 3023 viri
802 2952 1047 3024 Odonis
1097 2952 1384 3036 Borrelli,
1418 2952 1662 3025 domini
1714 2956 1794 3025 de
1836 2952 2020 3023 Curia
2060 2951 2261 3039 Alani,
2306 2951 2627 3024 interlexi-

373 3088 519 3137 mus
562 3068 687 3136 sub
717 3071 835 3138 hac
864 3072 1064 3138 torma
1100 3091 1116 3137 :

461 3182 827 3252 Omnibus¹
870 3196 1205 3272 presentes
1246 3182 1485 3253 litteras
1516 3182 1936 3274 inspecturis,
1993 3204 2114 3273 ego
2153 3184 2296 3253 Odo
2335 3180 2626 3267 Borrelli,

374 3295 683 3365 dominus
721 3297 800 3366 de
839 3298 1158 3376 Cortaleo‚
1211 3299 1481 3366 salutem
1531 3296 1595 3365 in
1636 3293 1936 3367 Domino.
1988 3295 2289 3367 Noverint
2348 3293 2625 3366 universi

374 3401 546 3499 qnod
575 3432 723 3478 cnm
764 3408 1093 3480 contentio
1134 3423 1484 3481 verteretur
1510 3409 1822 3493 interme,
1847 3432 1919 3481 ex
1959 3432 2080 3480 una
2114 3425 2318 3501 parte,
2342 3423 2406 3480 et
2440 3431 2628 3481 vene-

373 3524 610 3596 rabiles
659 3546 827 3594 vtros
857 3526 1170 3596 decanum
1224 3538 1287 3595 et
1337 3528 1687 3615 capitulum
1732 3523 2248 3606 Aurelianenses‚
2286 3548 2361 3596 ex
2399 3527 2624 3608 altera,

377 3660 574 3729 snper
611 3659 690 3709 eo
718 3640 890 3728 qnod
930 3637 1087 3708 dicti
1127 3641 1411 3710 decanus
1450 3652 1513 3709 et
1559 3642 1913 3731 capitulum
1965 3638 2265 3710 dicebant
2325 3642 2495 3730 quod
2559 3639 2624 3709 in

376 3753 569 3823 domo
610 3774 725 3822 sna
765 3755 931 3844 apud
973 3756 1291 3823 Fontanas
1327 3753 1475 3836 sita,
1511 3775 1701 3844 quam
1742 3775 1777 3823 a
1818 3755 2119 3824 Gaulrido
2142 3752 2423 3845 Popelim
2451 3776 2626 3825 erne-

381 3879 546 3949 rant,
628 3870 707 3936 ad
771 3865 1220 3957 pressorianda
1284 3866 1504 3937 ascina
1566 3888 1679 3937 sna
1772 3867 2165 3958 pressorium
2250 3882 2623 3940 construere

381 3993 670 4068 poterant
706 3991 768 4051 et
810 3981 1070 4063 habere,
1106 4003 1206 4051 me
1254 3979 1317 4049 in
1363 3981 1750 4051 contrarium
1791 3995 2122 4052 asserente
2161 3985 2332 4071 qnod
2379 3984 2624 4072 absque

382 4091 644 4164 licencia
702 4115 848 4164 mea
908 4107 972 4164 et
1036 4115 1308 4165 assensn
1370 4097 1735 4166 nullatenus
1803 4094 2193 4186 pressorium
2249 4111 2624 4169 construere

381 4220 670 4295 poterant
709 4207 770 4278 in
812 4211 1004 4279 domo
1046 4208 1703 4300 prenominata3item
1748 4208 1898 4280 dicti
1949 4211 2230 4280 decanus
2273 4223 2337 4281 et
2375 4213 2620 4301 capitu·

383 4323 507 4391 lum
557 4326 637 4394 de
699 4321 847 4393 vino
886 4320 1210 4394 vinearum
1269 4345 1553 4393 mearum
1604 4345 1761 4414 quas
1819 4326 2025 4395 habeo
2061 4326 2128 4393 in
2170 4325 2499 4415 parrochia
2541 4328 2620 4398 de

450 4659 467 4694 ¹
498 4661 596 4718 Get
624 4668 745 4718 acte
781 4668 867 4717 est
891 4662 1075 4717 donne
1104 4663 1174 4717 ici
1205 4662 1426 4746 d’apres
1454 4661 1729 4733 l’original
1757 4664 1963 4730 (meme
2002 4663 2166 4733 cote).
