3485 5571
1756 622 2119 687 -358—

812 755 1140 839 Belehere,
1184 756 1368 823 Laur.
1413 754 1555 844 ejus
1604 776 1783 835 uxor,
1831 751 2214 825 Benedictus
2253 753 2559 823 Belehere
2597 764 2661 823 et
2701 750 2886 823 Maria
2925 774 3059 843 elus

813 890 993 951 uxor,
1060 868 1483 938 vendiderunt
1559 866 2032 940 venerabilibus
2097 865 2249 937 viris
2324 868 2570 937 decano
2642 881 2705 937 et
2782 865 3059 958 capitulo

811 979 1376 1052 Aurelianensibus
1405 983 1751 1072 quamdam
1783 982 2045 1052 domum
2079 1002 2261 1052 suam
2301 979 2488 1052 sitam
2520 982 2695 1071 juxta
2734 980 3058 1071 grangiam

810 1097 893 1167 de
958 1093 1311 1167 Terminier
1366 1095 1584 1186 precio
1649 1094 1983 1167 sexdecim
2049 1095 2355 1166 librarum
2430 1093 2911 1185 parisiensium,
2980 1096 3057 1165 de

811 1208 1046 1303 quibus
1098 1231 1315 1280 coram
1377 1207 1564 1283 nobis
1629 1222 1978 1282 tenuerunt
2038 1231 2108 1281 se
2161 1207 2410 1301 integre
2484 1230 2599 1299 pro
2677 1207 2924 1299 pagatis
2995 1207 3058 1279 in

813 1322 1085 1417 pecunia
1159 1337 1519 1407 numerata,
1580 1325 1706 1395 fide
1765 1321 2028 1415 prestita
2082 1321 2532 1416 promittentes
2596 1324 2769 1413 quod
2840 1335 3055 1395 contra

814 1439 1050 1509 dictam
1099 1436 1539 1510 venditionem
1596 1460 1710 1531 per
1766 1460 1838 1510 se
1886 1440 1983 1509 vel
2039 1459 2151 1529 per
2200 1436 2364 1509 alios
2416 1433 2481 1506 in
2539 1449 2870 1529 posterum
2931 1460 3052 1508 non

815 1550 1127 1634 venirent,
1173 1551 1303 1623 imo
1342 1574 1485 1623 eam
1504 1550 1750 1625 eisdem
1791 1551 2191 1643 emptoribus
2244 1553 2325 1621 ad
2382 1573 2537 1621 usus
2592 1563 2656 1622 et
2718 1563 3054 1621 consuetu-

815 1662 1001 1734 dines
1040 1663 1529 1735 Aurelianenses
1590 1663 1874 1756 legitime
1925 1662 2318 1755 garantirent
2375 1684 2627 1733 omnes.
2693 1665 2923 1733 Datum
2980 1666 3053 1733 ad

817 1799 1043 1881 preces
1085 1778 1357 1869 partium
1402 1800 1573 1851 anno
1626 1780 1780 1849 MCC
1832 1778 2425 1871 quadragintesimo
2469 1778 2781 1862 secundo,
2838 1798 3053 1847 mense

813 1891 992 1984 julio.

1813 2255 2090 2318 CCLXIV

1749 2556 1931 2617 Avril
1978 2554 2135 2617 1243

887 2830 1067 2886 vente
1094 2848 1167 2887 au
1196 2831 1446 2905 chapitre
1469 2848 1541 2887 au
1574 2833 1696 2904 prix
1726 2832 1796 2888 de
1824 2833 1895 2888 40
1923 2833 2089 2888 livres
2118 2833 2318 2905 parisis
2347 2832 2480 2890 d’un
2509 2840 2705 2906 arpent
2737 2835 2806 2890 de
2836 2836 2995 2906 vigne

1384 2929 1417 2982 a
1452 2947 1483 2982 ι
1512 2929 1659 2985 Orz¹
1693 2947 1748 2998 ι,
1780 2945 1881 3001 par
1911 2929 2093 2986 Adam
2123 2929 2193 2985 de
2220 2931 2276 2985 la
2305 2931 2498 2987 Barre.

1289 3074 1465 3145 (Orig.
1495 3090 1543 3131 s.
1575 3074 1770 3146 parch.
1800 3076 1974 3131 Arch.
2006 3076 2082 3132 du
2111 3076 2316 3144 Loiret,
2347 3077 2415 3133 G.
2443 3075 2594 3146 277.)

907 3315 1224 3388 Omnibus
1280 3330 1614 3406 presentes
1676 3315 1918 3388 litteras
1980 3316 2395 3411 inspecturiS,
2438 3319 2734 3390 ollicialis
2774 3320 3047 3390 Aurelia-

825 3430 1045 3502 nensis
1108 3433 1382 3502 salutem
1422 3431 1488 3500 in
1528 3433 1831 3502 Domino.
1874 3434 2177 3503 Noverint
2218 3431 2501 3504 universi
2540 3435 2711 3524 quod
2751 3436 2817 3503 in
2855 3448 3061 3504 nostra

825 3543 1145 3637 presentia
1185 3543 1514 3616 constituti
1558 3547 1756 3616 Adam
1788 3548 1867 3617 de
1908 3549 2121 3630 Bana,
2155 3546 2455 3631 clericus,
2496 3570 2691 3618 unum
2732 3560 3060 3639 arpentum

824 3664 1012 3730 vinee
1050 3662 1221 3750 quod
1262 3657 1515 3730 dicebat
1563 3682 1633 3731 se
1680 3661 1915 3731 babere
1974 3663 2141 3751 apud
2195 3663 2341 3748 Orz,
2398 3663 2465 3731 in
2526 3660 2782 3733 censiva
2841 3665 3062 3732 Sancte

826 3775 1048 3844 Crucis
1103 3771 1582 3845 Aurelianensis
1642 3774 1788 3860 sita,
1849 3771 2131 3846 vendidit
2173 3787 2237 3845 et
2276 3773 2341 3845 in
2388 3788 2769 3868 perpetuum
2807 3772 3062 3867 quitavit

825 3887 1296 3959 venerabilibus
1342 3887 1493 3958 viris
1533 3890 1780 3959 decano
1832 3902 1896 3958 et
1948 3886 2227 3978 capitulo
2285 3887 2725 3961 Aurelianensi
2765 3913 2882 3981 pro
2917 3910 3061 3979 qua·

827 4000 1115 4092 draginta
1155 4000 1334 4073 libris
1362 3999 1858 4092 parisiensibus,
1893 4003 1973 4073 de
2008 4000 2244 4092 quibus
2286 4024 2356 4073 se
2390 4002 2595 4074 tenuit
2628 4024 2843 4074 coram
2886 4000 3058 4073 nobis

826 4116 1071 4206 integre
1123 4138 1237 4206 pro
1292 4128 1521 4206 pagato
1583 4115 1651 4185 in
1703 4114 1976 4206 pecunia
2019 4128 2376 4199 numerata,
2455 4115 2842 4188 renuncians
2895 4113 3055 4185 omni

828 4226 1184 4318 exceptioni
1225 4226 1494 4318 pecunie
1538 4249 1667 4297 non
1708 4240 2067 4313 numerate,
2118 4228 2243 4299 fide
2281 4226 2348 4299 in
2386 4251 2581 4301 manu
2621 4240 2838 4300 nostra
2893 4249 3057 4319 pres·

902 4540 921 4576 ¹
959 4542 1048 4596 Au
1077 4538 1191 4595 clos
1221 4540 1731 4614 Champ-Chardon
1756 4543 1788 4597 a
1815 4539 1875 4598 S.
1908 4542 2076 4610 Marc,
2124 4539 2203 4596 dit
2246 4556 2357 4595 une
2393 4545 2526 4595 note
2570 4539 2742 4596 ecrite
2769 4556 2846 4597 au
2873 4538 2967 4595 dos
2990 4537 3054 4593 de

829 4632 988 4687 l’acte
1017 4629 1256 4688 suivant.
