<?xml version="1.0" encoding="UTF-8"?>
<!DOCTYPE html PUBLIC "-//W3C//DTD XHTML 1.0 Transitional//EN"
    "http://www.w3.org/TR/xhtml1/DTD/xhtml1-transitional.dtd">
<html xmlns="http://www.w3.org/1999/xhtml" xml:lang="en" lang="en">
 <head>
  <title>
</title>
<meta http-equiv="Content-Type" content="text/html;charset=utf-8" />
  <meta name='ocr-system' content='tesseract 3.04.00' />
  <meta name='ocr-capabilities' content='ocr_page ocr_carea ocr_par ocr_line ocrx_word'/>
</head>
<body>
  <div class='ocr_page' id='page_1' title='image "./cartulairedesai00thilgoog_0354.png"; bbox 0 0 3485 5571; ppageno 0'>
   <div class='ocr_carea' id='block_1_1' title="bbox 1800 644 2154 707">
    <p class='ocr_par' dir='ltr' id='par_1_1' title="bbox 1800 644 2154 707">
     <span class='ocr_line' id='line_1_1' title="bbox 1800 644 2154 707; baseline 0 -16"><span class='ocrx_word' id='word_1_1' title='bbox 1800 644 2154 707; x_wconf 71' lang='lat'><strong>-202-</strong></span> 
     </span>
    </p>
   </div>
   <div class='ocr_carea' id='block_1_2' title="bbox 751 771 3120 3261">
    <p class='ocr_par' dir='ltr' id='par_1_2' title="bbox 751 771 3120 3261">
     <span class='ocr_line' id='line_1_2' title="bbox 852 771 3115 868; baseline -0.001 -20"><span class='ocrx_word' id='word_1_2' title='bbox 852 797 962 848; x_wconf 93' lang='lat' dir='ltr'><strong>cas</strong></span> <span class='ocrx_word' id='word_1_3' title='bbox 999 774 1250 867; x_wconf 86' lang='lat' dir='ltr'><strong>argenti</strong></span> <span class='ocrx_word' id='word_1_4' title='bbox 1286 771 1554 845; x_wconf 83' lang='lat' dir='ltr'><strong>firmiter</strong></span> <span class='ocrx_word' id='word_1_5' title='bbox 1620 772 2047 865; x_wconf 80' lang='lat' dir='ltr'>promisisset,</span> <span class='ocrx_word' id='word_1_6' title='bbox 2088 797 2358 866; x_wconf 86' lang='lat' dir='ltr'><strong>quarum</strong></span> <span class='ocrx_word' id='word_1_7' title='bbox 2418 799 2491 849; x_wconf 90' lang='lat' dir='ltr'><strong>se</strong></span> <span class='ocrx_word' id='word_1_8' title='bbox 2561 774 2963 868; x_wconf 86' lang='lat' dir='ltr'><strong>B[ucardus]</strong></span> <span class='ocrx_word' id='word_1_9' title='bbox 3003 798 3115 866; x_wconf 82' lang='lat' dir='ltr'><strong>pro</strong></span> 
     </span>
     <span class='ocr_line' id='line_1_3' title="bbox 849 887 3120 984; baseline -0.001 -23"><span class='ocrx_word' id='word_1_10' title='bbox 849 902 1080 984; x_wconf 88' lang='lat' dir='ltr'><strong>patruo</strong></span> <span class='ocrx_word' id='word_1_11' title='bbox 1118 912 1236 961; x_wconf 92' lang='lat' dir='ltr'><strong>suo</strong></span> <span class='ocrx_word' id='word_1_12' title='bbox 1277 890 1695 982; x_wconf 79' lang='lat' dir='ltr'>principalem</span> <span class='ocrx_word' id='word_1_13' title='bbox 1738 887 2075 960; x_wconf 88' lang='lat' dir='ltr'><strong>constitnit</strong></span> <span class='ocrx_word' id='word_1_14' title='bbox 2102 889 2168 959; x_wconf 93' lang='lat' dir='ltr'><strong>in</strong></span> <span class='ocrx_word' id='word_1_15' title='bbox 2200 889 2480 982; x_wconf 88' lang='lat' dir='ltr'><strong>capitulo</strong></span> <span class='ocrx_word' id='word_1_16' title='bbox 2520 889 2911 974; x_wconf 81' lang='lat' dir='ltr'><strong>debitorem,</strong></span> <span class='ocrx_word' id='word_1_17' title='bbox 2951 888 3120 960; x_wconf 88' lang='lat' dir='ltr'><strong>sicut</strong></span> 
     </span>
     <span class='ocr_line' id='line_1_4' title="bbox 852 999 3116 1098; baseline 0 -25"><span class='ocrx_word' id='word_1_18' title='bbox 852 1001 1107 1096; x_wconf 82' lang='lat' dir='ltr'><strong>plurimi</strong></span> <span class='ocrx_word' id='word_1_19' title='bbox 1150 1015 1354 1098; x_wconf 81' lang='lat' dir='ltr'><strong>testes</strong></span> <span class='ocrx_word' id='word_1_20' title='bbox 1429 1016 1495 1074; x_wconf 90' lang='lat' dir='ltr'><strong>et</strong></span> <span class='ocrx_word' id='word_1_21' title='bbox 1546 999 1722 1073; x_wconf 91' lang='lat' dir='ltr'><strong>omni</strong></span> <span class='ocrx_word' id='word_1_22' title='bbox 1781 1000 2158 1093; x_wconf 78' lang='lat' dir='ltr'><strong>exceptione</strong></span> <span class='ocrx_word' id='word_1_23' title='bbox 2210 1005 2488 1095; x_wconf 77' lang='lat' dir='ltr'><strong>maiores</strong></span> <span class='ocrx_word' id='word_1_24' title='bbox 2544 1025 2761 1075; x_wconf 88' lang='lat' dir='ltr'><strong>coram</strong></span> <span class='ocrx_word' id='word_1_25' title='bbox 2829 1002 3116 1074; x_wconf 89' lang='lat' dir='ltr'><strong>Domino</strong></span> 
     </span>
     <span class='ocr_line' id='line_1_5' title="bbox 853 1113 3114 1209; baseline -0.001 -22"><span class='ocrx_word' id='word_1_26' title='bbox 853 1114 1233 1188; x_wconf 88' lang='lat' dir='ltr'><strong>Bituricensi</strong></span> <span class='ocrx_word' id='word_1_27' title='bbox 1283 1127 1348 1187; x_wconf 90' lang='lat' dir='ltr'><strong>et</strong></span> <span class='ocrx_word' id='word_1_28' title='bbox 1377 1114 1596 1200; x_wconf 86' lang='lat' dir='ltr'><strong>nobis,</strong></span> <span class='ocrx_word' id='word_1_29' title='bbox 1636 1113 2015 1207; x_wconf 90' lang='lat' dir='ltr'><strong>juramentis</strong></span> <span class='ocrx_word' id='word_1_30' title='bbox 2063 1115 2377 1206; x_wconf 89' lang='lat' dir='ltr'><strong>prestitis,</strong></span> <span class='ocrx_word' id='word_1_31' title='bbox 2433 1119 2888 1209; x_wconf 88' lang='lat' dir='ltr'><strong>probaverunt.</strong></span> <span class='ocrx_word' id='word_1_32' title='bbox 2931 1119 2981 1186; x_wconf 85' lang='lat' dir='ltr'>E</span> <span class='ocrx_word' id='word_1_33' title='bbox 3022 1115 3114 1185; x_wconf 90' lang='lat' dir='ltr'><strong>di-</strong></span> 
     </span>
     <span class='ocr_line' id='line_1_6' title="bbox 857 1226 3107 1314; baseline -0.001 -13"><span class='ocrx_word' id='word_1_34' title='bbox 857 1252 1072 1314; x_wconf 84' lang='lat' dir='ltr'><strong>verse,</strong></span> <span class='ocrx_word' id='word_1_35' title='bbox 1100 1229 1193 1300; x_wconf 89' lang='lat' dir='ltr'><strong>vir</strong></span> <span class='ocrx_word' id='word_1_36' title='bbox 1231 1228 1467 1301; x_wconf 74' lang='lat' dir='ltr'><strong>nobilis</strong></span> <span class='ocrx_word' id='word_1_37' title='bbox 1519 1251 1740 1300; x_wconf 90' lang='lat' dir='ltr'><strong>comes</strong></span> <span class='ocrx_word' id='word_1_38' title='bbox 1786 1226 1959 1299; x_wconf 88' lang='lat' dir='ltr'><strong>Barri</strong></span> <span class='ocrx_word' id='word_1_39' title='bbox 1985 1238 2030 1312; x_wconf 91' lang='lat'><strong>¹,</strong></span> <span class='ocrx_word' id='word_1_40' title='bbox 2077 1231 2157 1301; x_wconf 88' lang='lat' dir='ltr'><strong>de</strong></span> <span class='ocrx_word' id='word_1_41' title='bbox 2234 1233 2512 1303; x_wconf 89' lang='lat' dir='ltr'><strong>Puteaco</strong></span> <span class='ocrx_word' id='word_1_42' title='bbox 2569 1229 2903 1313; x_wconf 87' lang='lat' dir='ltr'><strong>dominus,</strong></span> <span class='ocrx_word' id='word_1_43' title='bbox 2952 1228 3107 1301; x_wconf 91' lang='lat' dir='ltr'><strong>dicti</strong></span> 
     </span>
     <span class='ocr_line' id='line_1_7' title="bbox 851 1343 3106 1438; baseline -0.001 -22"><span class='ocrx_word' id='word_1_44' title='bbox 851 1344 1170 1438; x_wconf 89' lang='lat' dir='ltr'><strong>B[ucardi]</strong></span> <span class='ocrx_word' id='word_1_45' title='bbox 1200 1364 1431 1436; x_wconf 92' lang='lat' dir='ltr'><strong>nepos,</strong></span> <span class='ocrx_word' id='word_1_46' title='bbox 1455 1345 1684 1413; x_wconf 91' lang='lat' dir='ltr'><strong>domos</strong></span> <span class='ocrx_word' id='word_1_47' title='bbox 1710 1344 1974 1413; x_wconf 90' lang='lat' dir='ltr'><strong>easdem</strong></span> <span class='ocrx_word' id='word_1_48' title='bbox 2003 1357 2069 1414; x_wconf 91' lang='lat' dir='ltr'><strong>et</strong></span> <span class='ocrx_word' id='word_1_49' title='bbox 2097 1343 2317 1416; x_wconf 88' lang='lat' dir='ltr'><strong>vineas</strong></span> <span class='ocrx_word' id='word_1_50' title='bbox 2343 1344 2748 1428; x_wconf 79' lang='lat' dir='ltr'><strong>vendicabat,</strong></span> <span class='ocrx_word' id='word_1_51' title='bbox 2773 1346 2853 1414; x_wconf 91' lang='lat' dir='ltr'><strong>ad</strong></span> <span class='ocrx_word' id='word_1_52' title='bbox 2881 1366 2960 1415; x_wconf 89' lang='lat' dir='ltr'><strong>se</strong></span> <span class='ocrx_word' id='word_1_53' title='bbox 2992 1366 3106 1415; x_wconf 89' lang='lat' dir='ltr'><strong>eas</strong></span> 
     </span>
     <span class='ocr_line' id='line_1_8' title="bbox 844 1456 3116 1551; baseline -0 -23"><span class='ocrx_word' id='word_1_54' title='bbox 844 1460 991 1550; x_wconf 90' lang='lat' dir='ltr'><strong>jure</strong></span> <span class='ocrx_word' id='word_1_55' title='bbox 1017 1456 1403 1530; x_wconf 86' lang='lat' dir='ltr'><strong>hereditario</strong></span> <span class='ocrx_word' id='word_1_56' title='bbox 1439 1459 1770 1529; x_wconf 89' lang='lat' dir='ltr'><strong>devolutas</strong></span> <span class='ocrx_word' id='word_1_57' title='bbox 1808 1471 2212 1549; x_wconf 73' lang='lat' dir='ltr'><strong>proponens,</strong></span> <span class='ocrx_word' id='word_1_58' title='bbox 2235 1474 2460 1530; x_wconf 88' lang='lat' dir='ltr'><strong>contra</strong></span> <span class='ocrx_word' id='word_1_59' title='bbox 2502 1481 2695 1551; x_wconf 91' lang='lat' dir='ltr'><strong>quem</strong></span> <span class='ocrx_word' id='word_1_60' title='bbox 2750 1457 3116 1550; x_wconf 90' lang='lat' dir='ltr'><strong>capitulum</strong></span> 
     </span>
     <span class='ocr_line' id='line_1_9' title="bbox 855 1568 3113 1662; baseline -0 -19"><span class='ocrx_word' id='word_1_61' title='bbox 855 1577 1087 1643; x_wconf 77' lang='lat' dir='ltr'><strong>Sancte</strong></span> <span class='ocrx_word' id='word_1_62' title='bbox 1125 1568 1348 1643; x_wconf 87' lang='lat' dir='ltr'><strong>Crucis</strong></span> <span class='ocrx_word' id='word_1_63' title='bbox 1389 1570 1731 1662; x_wconf 69' lang='lat' dir='ltr'><strong>suprafatis</strong></span> <span class='ocrx_word' id='word_1_64' title='bbox 1768 1570 2256 1662; x_wconf 81' lang='lat' dir='ltr'><strong>exceptionibus</strong></span> <span class='ocrx_word' id='word_1_65' title='bbox 2310 1576 2630 1645; x_wconf 89' lang='lat' dir='ltr'><strong>utebatur.</strong></span> <span class='ocrx_word' id='word_1_66' title='bbox 2698 1577 2854 1644; x_wconf 87' lang='lat' dir='ltr'><strong>Post</strong></span> <span class='ocrx_word' id='word_1_67' title='bbox 2887 1594 3113 1643; x_wconf 91' lang='lat' dir='ltr'><strong>moro·</strong></span> 
     </span>
     <span class='ocr_line' id='line_1_10' title="bbox 853 1683 3116 1777; baseline -0.002 -18"><span class='ocrx_word' id='word_1_68' title='bbox 853 1710 958 1759; x_wconf 86' lang='lat' dir='ltr'><strong>sas</strong></span> <span class='ocrx_word' id='word_1_69' title='bbox 997 1685 1191 1777; x_wconf 78' lang='lat' dir='ltr'><strong>igitur</strong></span> <span class='ocrx_word' id='word_1_70' title='bbox 1227 1683 1745 1757; x_wconf 86' lang='lat' dir='ltr'><strong>concertationes</strong></span> <span class='ocrx_word' id='word_1_71' title='bbox 1774 1699 1837 1758; x_wconf 94' lang='lat' dir='ltr'><strong>et</strong></span> <span class='ocrx_word' id='word_1_72' title='bbox 1878 1685 2107 1769; x_wconf 89' lang='lat' dir='ltr'><strong>varias,</strong></span> <span class='ocrx_word' id='word_1_73' title='bbox 2150 1709 2232 1759; x_wconf 94' lang='lat' dir='ltr'><strong>ne</strong></span> <span class='ocrx_word' id='word_1_74' title='bbox 2258 1690 2567 1759; x_wconf 82' lang='lat' dir='ltr'><strong>Radullus</strong></span> <span class='ocrx_word' id='word_1_75' title='bbox 2588 1691 2832 1759; x_wconf 87' lang='lat' dir='ltr'><strong>Harens</strong></span> <span class='ocrx_word' id='word_1_76' title='bbox 2861 1685 3116 1758; x_wconf 86' lang='lat' dir='ltr'><strong>actoris</strong></span> 
     </span>
     <span class='ocr_line' id='line_1_11' title="bbox 856 1799 3116 1895; baseline -0 -22"><span class='ocrx_word' id='word_1_77' title='bbox 856 1816 920 1873; x_wconf 89' lang='lat' dir='ltr'><strong>et</strong></span> <span class='ocrx_word' id='word_1_78' title='bbox 951 1799 1189 1895; x_wconf 84' lang='lat' dir='ltr'><strong>judicis</strong></span> <span class='ocrx_word' id='word_1_79' title='bbox 1230 1802 1436 1872; x_wconf 87' lang='lat' dir='ltr'><strong>vicem</strong></span> <span class='ocrx_word' id='word_1_80' title='bbox 1470 1814 1690 1873; x_wconf 90' lang='lat' dir='ltr'><strong>tenere</strong></span> <span class='ocrx_word' id='word_1_81' title='bbox 1740 1814 1807 1872; x_wconf 88' lang='lat' dir='ltr'><strong>et</strong></span> <span class='ocrx_word' id='word_1_82' title='bbox 1854 1824 2079 1893; x_wconf 79' lang='lat' dir='ltr'><strong>gerere</strong></span> <span class='ocrx_word' id='word_1_83' title='bbox 2123 1803 2471 1888; x_wconf 87' lang='lat' dir='ltr'><strong>videretur,</strong></span> <span class='ocrx_word' id='word_1_84' title='bbox 2535 1816 2668 1875; x_wconf 89' lang='lat' dir='ltr'><strong>tam</strong></span> <span class='ocrx_word' id='word_1_85' title='bbox 2726 1805 2872 1895; x_wconf 88' lang='lat' dir='ltr'><strong>ipse</strong></span> <span class='ocrx_word' id='word_1_86' title='bbox 2913 1826 3116 1894; x_wconf 89' lang='lat' dir='ltr'><strong>qnam</strong></span> 
     </span>
     <span class='ocr_line' id='line_1_12' title="bbox 751 1913 3117 2010; baseline -0.001 -22"><span class='ocrx_word' id='word_1_87' title='bbox 751 1934 762 1947; x_wconf 89' lang='lat'><strong>·</strong></span> <span class='ocrx_word' id='word_1_88' title='bbox 851 1938 1073 1989; x_wconf 89' lang='lat' dir='ltr'><strong>comes</strong></span> <span class='ocrx_word' id='word_1_89' title='bbox 1100 1937 1290 2006; x_wconf 87' lang='lat' dir='ltr'><strong>qnam</strong></span> <span class='ocrx_word' id='word_1_90' title='bbox 1319 1913 1529 2005; x_wconf 93' lang='lat' dir='ltr'><strong>ipsum</strong></span> <span class='ocrx_word' id='word_1_91' title='bbox 1570 1913 1921 2007; x_wconf 90' lang='lat' dir='ltr'><strong>capitulum</strong></span> <span class='ocrx_word' id='word_1_92' title='bbox 1961 1916 2027 1986; x_wconf 94' lang='lat' dir='ltr'><strong>in</strong></span> <span class='ocrx_word' id='word_1_93' title='bbox 2066 1940 2186 1988; x_wconf 93' lang='lat' dir='ltr'><strong>nos</strong></span> <span class='ocrx_word' id='word_1_94' title='bbox 2216 1921 2393 1989; x_wconf 92' lang='lat' dir='ltr'><strong>solos</strong></span> <span class='ocrx_word' id='word_1_95' title='bbox 2434 1941 2632 2010; x_wconf 90' lang='lat' dir='ltr'><strong>super</strong></span> <span class='ocrx_word' id='word_1_96' title='bbox 2669 1921 2794 1990; x_wconf 92' lang='lat' dir='ltr'><strong>hoc</strong></span> <span class='ocrx_word' id='word_1_97' title='bbox 2833 1919 3117 1988; x_wconf 85' lang='lat' dir='ltr'><strong>firmiter</strong></span> 
     </span>
     <span class='ocr_line' id='line_1_13' title="bbox 851 2027 3104 2123; baseline -0.001 -21"><span class='ocrx_word' id='word_1_98' title='bbox 851 2027 1457 2121; x_wconf 81' lang='lat' dir='ltr'><strong>compromiserant,</strong></span> <span class='ocrx_word' id='word_1_99' title='bbox 1526 2032 1756 2099; x_wconf 77' lang='lat' dir='ltr'><strong>factam</strong></span> <span class='ocrx_word' id='word_1_100' title='bbox 1818 2029 2471 2123; x_wconf 87' lang='lat' dir='ltr'><strong>compromissionem</strong></span> <span class='ocrx_word' id='word_1_101' title='bbox 2525 2030 2879 2103; x_wconf 84' lang='lat' dir='ltr'><strong>christiane</strong></span> <span class='ocrx_word' id='word_1_102' title='bbox 2949 2029 3104 2102; x_wconf 85' lang='lat' dir='ltr'><strong>fidei</strong></span> 
     </span>
     <span class='ocr_line' id='line_1_14' title="bbox 851 2141 3118 2237; baseline 0 -22"><span class='ocrx_word' id='word_1_103' title='bbox 851 2143 1159 2235; x_wconf 80' lang='lat' dir='ltr'><strong>religione</strong></span> <span class='ocrx_word' id='word_1_104' title='bbox 1188 2155 1254 2213; x_wconf 93' lang='lat' dir='ltr'><strong>et</strong></span> <span class='ocrx_word' id='word_1_105' title='bbox 1284 2141 1569 2233; x_wconf 89' lang='lat' dir='ltr'><strong>legitima</strong></span> <span class='ocrx_word' id='word_1_106' title='bbox 1600 2164 1765 2233; x_wconf 89' lang='lat' dir='ltr'><strong>pene</strong></span> <span class='ocrx_word' id='word_1_107' title='bbox 1786 2143 2146 2235; x_wconf 88' lang='lat' dir='ltr'><strong>adjectione</strong></span> <span class='ocrx_word' id='word_1_108' title='bbox 2177 2148 2512 2217; x_wconf 87' lang='lat' dir='ltr'><strong>vallantes.</strong></span> <span class='ocrx_word' id='word_1_109' title='bbox 2542 2150 2671 2218; x_wconf 90' lang='lat' dir='ltr'><strong>Nos</strong></span> <span class='ocrx_word' id='word_1_110' title='bbox 2695 2168 2878 2237; x_wconf 88' lang='lat' dir='ltr'><strong>ergo,</strong></span> <span class='ocrx_word' id='word_1_111' title='bbox 2908 2148 3118 2216; x_wconf 91' lang='lat' dir='ltr'><strong>bono·</strong></span> 
     </span>
     <span class='ocr_line' id='line_1_15' title="bbox 850 2255 3117 2351; baseline 0 -22"><span class='ocrx_word' id='word_1_112' title='bbox 850 2280 992 2329; x_wconf 93' lang='lat' dir='ltr'><strong>rum</strong></span> <span class='ocrx_word' id='word_1_113' title='bbox 1050 2255 1328 2328; x_wconf 90' lang='lat' dir='ltr'><strong>virorum</strong></span> <span class='ocrx_word' id='word_1_114' title='bbox 1396 2256 1870 2328; x_wconf 88' lang='lat' dir='ltr'><strong>assertionibus</strong></span> <span class='ocrx_word' id='word_1_115' title='bbox 1931 2271 1996 2330; x_wconf 93' lang='lat' dir='ltr'><strong>et</strong></span> <span class='ocrx_word' id='word_1_116' title='bbox 2036 2258 2289 2330; x_wconf 88' lang='lat' dir='ltr'><strong>idoneis</strong></span> <span class='ocrx_word' id='word_1_117' title='bbox 2352 2257 2874 2351; x_wconf 86' lang='lat' dir='ltr'><strong>depositionibus</strong></span> <span class='ocrx_word' id='word_1_118' title='bbox 2926 2259 3117 2330; x_wconf 84' lang='lat' dir='ltr'><strong>suffi-</strong></span> 
     </span>
     <span class='ocr_line' id='line_1_16' title="bbox 850 2366 3114 2462; baseline -0.002 -20"><span class='ocrx_word' id='word_1_119' title='bbox 850 2369 1095 2442; x_wconf 89' lang='lat' dir='ltr'><strong>cienter</strong></span> <span class='ocrx_word' id='word_1_120' title='bbox 1131 2366 1455 2453; x_wconf 88' lang='lat' dir='ltr'><strong>instructi,</strong></span> <span class='ocrx_word' id='word_1_121' title='bbox 1501 2369 1581 2439; x_wconf 90' lang='lat' dir='ltr'><strong>de</strong></span> <span class='ocrx_word' id='word_1_122' title='bbox 1620 2368 1895 2440; x_wconf 91' lang='lat' dir='ltr'><strong>consilio</strong></span> <span class='ocrx_word' id='word_1_123' title='bbox 1930 2369 2388 2442; x_wconf 89' lang='lat' dir='ltr'><strong>venerabilium</strong></span> <span class='ocrx_word' id='word_1_124' title='bbox 2404 2393 2827 2462; x_wconf 89' lang='lat' dir='ltr'><strong>personarum</strong></span> <span class='ocrx_word' id='word_1_125' title='bbox 2853 2367 3114 2443; x_wconf 90' lang='lat' dir='ltr'><strong>domini</strong></span> 
     </span>
     <span class='ocr_line' id='line_1_17' title="bbox 851 2480 3107 2576; baseline -0 -21"><span class='ocrx_word' id='word_1_126' title='bbox 851 2480 1269 2555; x_wconf 87' lang='lat' dir='ltr'><strong>Bituricensis</strong></span> <span class='ocrx_word' id='word_1_127' title='bbox 1318 2495 1381 2554; x_wconf 88' lang='lat' dir='ltr'><strong>et</strong></span> <span class='ocrx_word' id='word_1_128' title='bbox 1440 2480 1682 2553; x_wconf 90' lang='lat' dir='ltr'><strong>domini</strong></span> <span class='ocrx_word' id='word_1_129' title='bbox 1726 2484 2203 2564; x_wconf 79' lang='lat' dir='ltr'><strong>Aurelianensis</strong></span> <span class='ocrx_word' id='word_1_130' title='bbox 2240 2499 2304 2556; x_wconf 91' lang='lat' dir='ltr'><strong>et</strong></span> <span class='ocrx_word' id='word_1_131' title='bbox 2342 2486 2619 2557; x_wconf 90' lang='lat' dir='ltr'><strong>aliorum</strong></span> <span class='ocrx_word' id='word_1_132' title='bbox 2648 2483 3107 2576; x_wconf 90' lang='lat' dir='ltr'><strong>prudentium,</strong></span> 
     </span>
     <span class='ocr_line' id='line_1_18' title="bbox 851 2595 3104 2691; baseline -0 -21"><span class='ocrx_word' id='word_1_133' title='bbox 851 2600 898 2670; x_wconf 94' lang='lat' dir='ltr'><strong>C</strong></span> <span class='ocrx_word' id='word_1_134' title='bbox 934 2618 1183 2668; x_wconf 89' lang='lat' dir='ltr'><strong>marcas</strong></span> <span class='ocrx_word' id='word_1_135' title='bbox 1233 2598 1312 2667; x_wconf 90' lang='lat' dir='ltr'><strong>ab</strong></span> <span class='ocrx_word' id='word_1_136' title='bbox 1352 2595 1495 2688; x_wconf 88' lang='lat' dir='ltr'><strong>ipso</strong></span> <span class='ocrx_word' id='word_1_137' title='bbox 1548 2597 1899 2691; x_wconf 89' lang='lat' dir='ltr'><strong>B[ucardo]</strong></span> <span class='ocrx_word' id='word_1_138' title='bbox 1940 2601 2174 2671; x_wconf 91' lang='lat' dir='ltr'><strong>Sancte</strong></span> <span class='ocrx_word' id='word_1_139' title='bbox 2244 2600 2468 2671; x_wconf 88' lang='lat' dir='ltr'><strong>Crucis</strong></span> <span class='ocrx_word' id='word_1_140' title='bbox 2534 2596 2753 2671; x_wconf 92' lang='lat' dir='ltr'><strong>deberi</strong></span> <span class='ocrx_word' id='word_1_141' title='bbox 2812 2598 3104 2691; x_wconf 90' lang='lat' dir='ltr'><strong>capitulo</strong></span> 
     </span>
     <span class='ocr_line' id='line_1_19' title="bbox 848 2708 3106 2806; baseline 0.001 -26"><span class='ocrx_word' id='word_1_142' title='bbox 848 2708 1088 2781; x_wconf 78' lang='lat' dir='ltr'><strong>luimus</strong></span> <span class='ocrx_word' id='word_1_143' title='bbox 1115 2709 1429 2795; x_wconf 89' lang='lat' dir='ltr'><strong>arbitrati,</strong></span> <span class='ocrx_word' id='word_1_144' title='bbox 1454 2724 1519 2782; x_wconf 88' lang='lat' dir='ltr'><strong>et</strong></span> <span class='ocrx_word' id='word_1_145' title='bbox 1552 2732 1702 2781; x_wconf 91' lang='lat' dir='ltr'><strong>cnm</strong></span> <span class='ocrx_word' id='word_1_146' title='bbox 1732 2711 1831 2782; x_wconf 91' lang='lat' dir='ltr'><strong>eis</strong></span> <span class='ocrx_word' id='word_1_147' title='bbox 1857 2710 2115 2783; x_wconf 89' lang='lat' dir='ltr'><strong>aliunde</strong></span> <span class='ocrx_word' id='word_1_148' title='bbox 2155 2711 2526 2785; x_wconf 78' lang='lat' dir='ltr'><strong>satisfacere</strong></span> <span class='ocrx_word' id='word_1_149' title='bbox 2567 2735 2700 2784; x_wconf 91' lang='lat' dir='ltr'><strong>non</strong></span> <span class='ocrx_word' id='word_1_150' title='bbox 2725 2734 3106 2806; x_wconf 88' lang='lat' dir='ltr'><strong>possemus,</strong></span> 
     </span>
     <span class='ocr_line' id='line_1_20' title="bbox 850 2823 3105 2919; baseline 0 -23"><span class='ocrx_word' id='word_1_151' title='bbox 850 2827 1079 2897; x_wconf 93' lang='lat' dir='ltr'><strong>domos</strong></span> <span class='ocrx_word' id='word_1_152' title='bbox 1117 2823 1212 2897; x_wconf 90' lang='lat' dir='ltr'><strong>eis</strong></span> <span class='ocrx_word' id='word_1_153' title='bbox 1251 2839 1316 2898; x_wconf 89' lang='lat' dir='ltr'><strong>et</strong></span> <span class='ocrx_word' id='word_1_154' title='bbox 1339 2826 1560 2897; x_wconf 88' lang='lat' dir='ltr'><strong>vineas</strong></span> <span class='ocrx_word' id='word_1_155' title='bbox 1600 2826 1901 2897; x_wconf 90' lang='lat' dir='ltr'><strong>dedimus</strong></span> <span class='ocrx_word' id='word_1_156' title='bbox 1940 2840 2131 2918; x_wconf 87' lang='lat' dir='ltr'><strong>atque</strong></span> <span class='ocrx_word' id='word_1_157' title='bbox 2168 2825 2642 2919; x_wconf 79' lang='lat' dir='ltr'><strong>assignavimus</strong></span> <span class='ocrx_word' id='word_1_158' title='bbox 2690 2828 2754 2897; x_wconf 91' lang='lat' dir='ltr'><strong>in</strong></span> <span class='ocrx_word' id='word_1_159' title='bbox 2814 2829 3105 2899; x_wconf 91' lang='lat' dir='ltr'><strong>solutum</strong></span> 
     </span>
     <span class='ocr_line' id='line_1_21' title="bbox 849 2938 3104 3032; baseline -0 -20"><span class='ocrx_word' id='word_1_160' title='bbox 849 2941 936 3012; x_wconf 92' lang='lat' dir='ltr'><strong>ita</strong></span> <span class='ocrx_word' id='word_1_161' title='bbox 965 2942 1136 3032; x_wconf 87' lang='lat' dir='ltr'><strong>qnod</strong></span> <span class='ocrx_word' id='word_1_162' title='bbox 1171 2938 1224 3010; x_wconf 93' lang='lat' dir='ltr'><strong>si</strong></span> <span class='ocrx_word' id='word_1_163' title='bbox 1265 2941 1533 3011; x_wconf 81' lang='lat' dir='ltr'><strong>Radulfo</strong></span> <span class='ocrx_word' id='word_1_164' title='bbox 1573 2942 1669 3011; x_wconf 89' lang='lat' dir='ltr'><strong>vel</strong></span> <span class='ocrx_word' id='word_1_165' title='bbox 1707 2939 1924 3012; x_wconf 88' lang='lat' dir='ltr'><strong>comiti</strong></span> <span class='ocrx_word' id='word_1_166' title='bbox 1965 2942 2196 3013; x_wconf 92' lang='lat' dir='ltr'><strong>domos</strong></span> <span class='ocrx_word' id='word_1_167' title='bbox 2230 2954 2296 3013; x_wconf 90' lang='lat' dir='ltr'><strong>et</strong></span> <span class='ocrx_word' id='word_1_168' title='bbox 2333 2940 2552 3014; x_wconf 89' lang='lat' dir='ltr'><strong>vineas</strong></span> <span class='ocrx_word' id='word_1_169' title='bbox 2580 2940 2897 3014; x_wconf 91' lang='lat' dir='ltr'><strong>redimere</strong></span> <span class='ocrx_word' id='word_1_170' title='bbox 2936 2944 3104 3013; x_wconf 74' lang='lat' dir='ltr'><strong>torte</strong></span> 
     </span>
     <span class='ocr_line' id='line_1_22' title="bbox 851 3052 3103 3145; baseline -0 -21"><span class='ocrx_word' id='word_1_171' title='bbox 851 3052 1180 3145; x_wconf 82' lang='lat' dir='ltr'><strong>placuerit,</strong></span> <span class='ocrx_word' id='word_1_172' title='bbox 1223 3056 1302 3139; x_wconf 89' lang='lat' dir='ltr'><strong>de</strong></span> <span class='ocrx_word' id='word_1_173' title='bbox 1360 3056 1407 3124; x_wconf 95' lang='lat' dir='ltr'><strong>C</strong></span> <span class='ocrx_word' id='word_1_174' title='bbox 1441 3052 1675 3125; x_wconf 91' lang='lat' dir='ltr'><strong>marcis</strong></span> <span class='ocrx_word' id='word_1_175' title='bbox 1712 3076 1748 3124; x_wconf 92' lang='lat' dir='ltr'><strong>a</strong></span> <span class='ocrx_word' id='word_1_176' title='bbox 1780 3054 2059 3145; x_wconf 91' lang='lat' dir='ltr'><strong>capitulo</strong></span> <span class='ocrx_word' id='word_1_177' title='bbox 2117 3055 2463 3140; x_wconf 90' lang='lat' dir='ltr'><strong>redimant,</strong></span> <span class='ocrx_word' id='word_1_178' title='bbox 2511 3056 2673 3128; x_wconf 73' lang='lat' dir='ltr'><strong>infra</strong></span> <span class='ocrx_word' id='word_1_179' title='bbox 2737 3078 2982 3127; x_wconf 92' lang='lat' dir='ltr'><strong>annum</strong></span> <span class='ocrx_word' id='word_1_180' title='bbox 3038 3068 3103 3126; x_wconf 87' lang='lat' dir='ltr'><strong>et</strong></span> 
     </span>
     <span class='ocr_line' id='line_1_23' title="bbox 849 3167 3103 3261; baseline 0.001 -21"><span class='ocrx_word' id='word_1_181' title='bbox 849 3168 1019 3240; x_wconf 94' lang='lat' dir='ltr'><strong>diem</strong></span> <span class='ocrx_word' id='word_1_182' title='bbox 1058 3167 1523 3259; x_wconf 88' lang='lat' dir='ltr'><strong>redemptionis</strong></span> <span class='ocrx_word' id='word_1_183' title='bbox 1552 3167 1760 3260; x_wconf 91' lang='lat' dir='ltr'><strong>ipsius</strong></span> <span class='ocrx_word' id='word_1_184' title='bbox 1800 3182 2085 3261; x_wconf 89' lang='lat' dir='ltr'><strong>tempora</strong></span> <span class='ocrx_word' id='word_1_185' title='bbox 2125 3173 2615 3243; x_wconf 90' lang='lat' dir='ltr'><strong>concludentes.</strong></span> <span class='ocrx_word' id='word_1_186' title='bbox 2669 3174 2870 3243; x_wconf 91' lang='lat' dir='ltr'><strong>Porro</strong></span> <span class='ocrx_word' id='word_1_187' title='bbox 2905 3172 3103 3242; x_wconf 84' lang='lat' dir='ltr'><strong>deca-</strong></span> 
     </span>
    </p>
   </div>
   <div class='ocr_carea' id='block_1_3' title="bbox 850 3282 3210 3376">
    <p class='ocr_par' dir='ltr' id='par_1_3' title="bbox 850 3282 3210 3376">
     <span class='ocr_line' id='line_1_24' title="bbox 850 3282 3210 3376; baseline 0 -23"><span class='ocrx_word' id='word_1_188' title='bbox 850 3304 976 3353; x_wconf 89' lang='lat' dir='ltr'><strong>nus</strong></span> <span class='ocrx_word' id='word_1_189' title='bbox 1013 3296 1076 3354; x_wconf 89' lang='lat' dir='ltr'><strong>et</strong></span> <span class='ocrx_word' id='word_1_190' title='bbox 1117 3283 1467 3373; x_wconf 90' lang='lat' dir='ltr'><strong>capitulum</strong></span> <span class='ocrx_word' id='word_1_191' title='bbox 1509 3286 1742 3355; x_wconf 89' lang='lat' dir='ltr'><strong>Sancte</strong></span> <span class='ocrx_word' id='word_1_192' title='bbox 1768 3282 2017 3366; x_wconf 88' lang='lat' dir='ltr'><strong>Crucis,</strong></span> <span class='ocrx_word' id='word_1_193' title='bbox 2062 3285 2141 3355; x_wconf 89' lang='lat' dir='ltr'><strong>ad</strong></span> <span class='ocrx_word' id='word_1_194' title='bbox 2171 3305 2399 3376; x_wconf 92' lang='lat' dir='ltr'><strong>preces</strong></span> <span class='ocrx_word' id='word_1_195' title='bbox 2437 3283 2683 3356; x_wconf 93' lang='lat' dir='ltr'><strong>domini</strong></span> <span class='ocrx_word' id='word_1_196' title='bbox 2744 3282 3104 3356; x_wconf 87' lang='lat' dir='ltr'><strong>Bituricen·</strong></span> <span class='ocrx_word' id='word_1_197' title='bbox 3206 3315 3210 3319; x_wconf 95' lang='lat'>·</span> 
     </span>
    </p>
   </div>
   <div class='ocr_carea' id='block_1_4' title="bbox 847 3395 3102 4403">
    <p class='ocr_par' dir='ltr' id='par_1_4' title="bbox 847 3395 3102 4403">
     <span class='ocr_line' id='line_1_25' title="bbox 852 3395 3101 3491; baseline -0 -23"><span class='ocrx_word' id='word_1_198' title='bbox 852 3395 944 3468; x_wconf 92' lang='lat' dir='ltr'><strong>sis</strong></span> <span class='ocrx_word' id='word_1_199' title='bbox 963 3409 1029 3468; x_wconf 93' lang='lat' dir='ltr'><strong>et</strong></span> <span class='ocrx_word' id='word_1_200' title='bbox 1044 3409 1323 3479; x_wconf 90' lang='lat' dir='ltr'><strong>nostras,</strong></span> <span class='ocrx_word' id='word_1_201' title='bbox 1363 3399 1594 3468; x_wconf 86' lang='lat' dir='ltr'><strong>domos</strong></span> <span class='ocrx_word' id='word_1_202' title='bbox 1613 3399 1935 3488; x_wconf 84' lang='lat' dir='ltr'><strong>sepelatas</strong></span> <span class='ocrx_word' id='word_1_203' title='bbox 1958 3409 2022 3468; x_wconf 89' lang='lat' dir='ltr'><strong>et</strong></span> <span class='ocrx_word' id='word_1_204' title='bbox 2042 3398 2260 3470; x_wconf 90' lang='lat' dir='ltr'><strong>vineas</strong></span> <span class='ocrx_word' id='word_1_205' title='bbox 2288 3397 2550 3470; x_wconf 92' lang='lat' dir='ltr'><strong>domino</strong></span> <span class='ocrx_word' id='word_1_206' title='bbox 2575 3397 2834 3491; x_wconf 88' lang='lat' dir='ltr'><strong>l[voni],</strong></span> <span class='ocrx_word' id='word_1_207' title='bbox 2863 3402 3101 3471; x_wconf 89' lang='lat' dir='ltr'><strong>Sancte</strong></span> 
     </span>
     <span class='ocr_line' id='line_1_26' title="bbox 850 3509 3100 3606; baseline 0 -23"><span class='ocrx_word' id='word_1_208' title='bbox 850 3513 1071 3583; x_wconf 76' lang='lat' dir='ltr'><strong>Crucis</strong></span> <span class='ocrx_word' id='word_1_209' title='bbox 1109 3510 1380 3594; x_wconf 93' lang='lat' dir='ltr'><strong>cantori,</strong></span> <span class='ocrx_word' id='word_1_210' title='bbox 1415 3514 1537 3582; x_wconf 91' lang='lat' dir='ltr'><strong>snb</strong></span> <span class='ocrx_word' id='word_1_211' title='bbox 1566 3533 1778 3582; x_wconf 90' lang='lat' dir='ltr'><strong>annua</strong></span> <span class='ocrx_word' id='word_1_212' title='bbox 1817 3509 2130 3603; x_wconf 91' lang='lat' dir='ltr'><strong>pensione</strong></span> <span class='ocrx_word' id='word_1_213' title='bbox 2157 3516 2236 3583; x_wconf 92' lang='lat' dir='ltr'><strong>Xl</strong></span> <span class='ocrx_word' id='word_1_214' title='bbox 2271 3511 2689 3606; x_wconf 86' lang='lat' dir='ltr'><strong>sol[idorum]</strong></span> <span class='ocrx_word' id='word_1_215' title='bbox 2727 3535 2899 3585; x_wconf 81' lang='lat' dir='ltr'><strong>anno</strong></span> <span class='ocrx_word' id='word_1_216' title='bbox 2934 3535 3100 3604; x_wconf 87' lang='lat' dir='ltr'><strong>quo-</strong></span> 
     </span>
     <span class='ocr_line' id='line_1_27' title="bbox 848 3624 3102 3717; baseline 0.003 -23"><span class='ocrx_word' id='word_1_217' title='bbox 848 3624 1003 3696; x_wconf 93' lang='lat' dir='ltr'><strong>libet</strong></span> <span class='ocrx_word' id='word_1_218' title='bbox 1026 3629 1258 3696; x_wconf 88' lang='lat' dir='ltr'><strong>Sancte</strong></span> <span class='ocrx_word' id='word_1_219' title='bbox 1284 3625 1505 3696; x_wconf 89' lang='lat' dir='ltr'><strong>Crucis</strong></span> <span class='ocrx_word' id='word_1_220' title='bbox 1528 3625 1808 3716; x_wconf 89' lang='lat' dir='ltr'><strong>capitulo</strong></span> <span class='ocrx_word' id='word_1_221' title='bbox 1851 3626 2301 3696; x_wconf 89' lang='lat' dir='ltr'><strong>solvendarum</strong></span> <span class='ocrx_word' id='word_1_222' title='bbox 2327 3629 2538 3717; x_wconf 88' lang='lat' dir='ltr'><strong>quoad</strong></span> <span class='ocrx_word' id='word_1_223' title='bbox 2572 3625 2791 3698; x_wconf 84' lang='lat' dir='ltr'><strong>vixerit</strong></span> <span class='ocrx_word' id='word_1_224' title='bbox 2831 3648 3102 3700; x_wconf 85' lang='lat' dir='ltr'><strong>conces·</strong></span> 
     </span>
     <span class='ocr_line' id='line_1_28' title="bbox 849 3738 3098 3833; baseline 0.001 -24"><span class='ocrx_word' id='word_1_225' title='bbox 849 3752 1096 3826; x_wconf 88' lang='lat' dir='ltr'><strong>serunt,</strong></span> <span class='ocrx_word' id='word_1_226' title='bbox 1124 3761 1390 3829; x_wconf 91' lang='lat' dir='ltr'><strong>quarum</strong></span> <span class='ocrx_word' id='word_1_227' title='bbox 1432 3740 1747 3810; x_wconf 90' lang='lat' dir='ltr'><strong>medietas</strong></span> <span class='ocrx_word' id='word_1_228' title='bbox 1788 3738 1851 3809; x_wconf 92' lang='lat' dir='ltr'><strong>in</strong></span> <span class='ocrx_word' id='word_1_229' title='bbox 1914 3739 2352 3811; x_wconf 90' lang='lat' dir='ltr'><strong>anniversario</strong></span> <span class='ocrx_word' id='word_1_230' title='bbox 2405 3740 2863 3812; x_wconf 91' lang='lat' dir='ltr'><strong>Dunelmensis</strong></span> <span class='ocrx_word' id='word_1_231' title='bbox 2921 3741 3098 3833; x_wconf 91' lang='lat' dir='ltr'><strong>epis·</strong></span> 
     </span>
     <span class='ocr_line' id='line_1_29' title="bbox 850 3851 3097 3948; baseline 0 -24"><span class='ocrx_word' id='word_1_232' title='bbox 850 3859 1026 3944; x_wconf 83' lang='lat' dir='ltr'><strong>copi,</strong></span> <span class='ocrx_word' id='word_1_233' title='bbox 1065 3851 1308 3943; x_wconf 90' lang='lat' dir='ltr'><strong>reliqna</strong></span> <span class='ocrx_word' id='word_1_234' title='bbox 1370 3853 1434 3923; x_wconf 91' lang='lat' dir='ltr'><strong>in</strong></span> <span class='ocrx_word' id='word_1_235' title='bbox 1499 3851 1938 3925; x_wconf 87' lang='lat' dir='ltr'><strong>anniversario</strong></span> <span class='ocrx_word' id='word_1_236' title='bbox 1988 3853 2144 3925; x_wconf 91' lang='lat' dir='ltr'><strong>dicti</strong></span> <span class='ocrx_word' id='word_1_237' title='bbox 2207 3855 2531 3948; x_wconf 87' lang='lat' dir='ltr'><strong>B[ucardi]</strong></span> <span class='ocrx_word' id='word_1_238' title='bbox 2591 3852 2928 3927; x_wconf 83' lang='lat' dir='ltr'><strong>canonicis</strong></span> <span class='ocrx_word' id='word_1_239' title='bbox 2987 3856 3097 3947; x_wconf 89' lang='lat' dir='ltr'><strong>qui</strong></span> 
     </span>
     <span class='ocr_line' id='line_1_30' title="bbox 850 3965 3093 4060; baseline 0.003 -23"><span class='ocrx_word' id='word_1_240' title='bbox 850 3965 1251 4040; x_wconf 84' lang='lat' dir='ltr'><strong>interluerint</strong></span> <span class='ocrx_word' id='word_1_241' title='bbox 1288 3968 1627 4041; x_wconf 90' lang='lat' dir='ltr'><strong>dividetur.</strong></span> <span class='ocrx_word' id='word_1_242' title='bbox 1673 3971 1868 4060; x_wconf 84' lang='lat' dir='ltr'><strong>Cujus</strong></span> <span class='ocrx_word' id='word_1_243' title='bbox 1893 3968 1984 4040; x_wconf 90' lang='lat' dir='ltr'><strong>rei</strong></span> <span class='ocrx_word' id='word_1_244' title='bbox 2010 3967 2214 4042; x_wconf 89' lang='lat' dir='ltr'><strong>series</strong></span> <span class='ocrx_word' id='word_1_245' title='bbox 2252 3982 2324 4041; x_wconf 88' lang='lat' dir='ltr'><strong>ut</strong></span> <span class='ocrx_word' id='word_1_246' title='bbox 2341 3969 2583 4042; x_wconf 82' lang='lat' dir='ltr'><strong>firmior</strong></span> <span class='ocrx_word' id='word_1_247' title='bbox 2605 3974 2915 4043; x_wconf 86' lang='lat' dir='ltr'><strong>habeatnr</strong></span> <span class='ocrx_word' id='word_1_248' title='bbox 2951 3993 3093 4043; x_wconf 90' lang='lat' dir='ltr'><strong>eam</strong></span> 
     </span>
     <span class='ocr_line' id='line_1_31' title="bbox 850 4081 3093 4174; baseline 0.002 -23"><span class='ocrx_word' id='word_1_249' title='bbox 850 4082 1201 4154; x_wconf 90' lang='lat' dir='ltr'><strong>litterarum</strong></span> <span class='ocrx_word' id='word_1_250' title='bbox 1248 4095 1315 4154; x_wconf 89' lang='lat' dir='ltr'><strong>et</strong></span> <span class='ocrx_word' id='word_1_251' title='bbox 1389 4081 1579 4174; x_wconf 90' lang='lat' dir='ltr'><strong>sigilli</strong></span> <span class='ocrx_word' id='word_1_252' title='bbox 1655 4082 1855 4154; x_wconf 91' lang='lat' dir='ltr'><strong>nostri</strong></span> <span class='ocrx_word' id='word_1_253' title='bbox 1921 4083 2290 4155; x_wconf 93' lang='lat' dir='ltr'><strong>testimonio</strong></span> <span class='ocrx_word' id='word_1_254' title='bbox 2327 4086 2833 4157; x_wconf 90' lang='lat' dir='ltr'><strong>communimus.</strong></span> <span class='ocrx_word' id='word_1_255' title='bbox 2868 4088 3093 4157; x_wconf 78' lang='lat' dir='ltr'><strong>Actum</strong></span> 
     </span>
     <span class='ocr_line' id='line_1_32' title="bbox 847 4195 3091 4290; baseline 0 -21"><span class='ocrx_word' id='word_1_256' title='bbox 847 4219 1021 4269; x_wconf 90' lang='lat' dir='ltr'><strong>anno</strong></span> <span class='ocrx_word' id='word_1_257' title='bbox 1060 4195 1371 4269; x_wconf 89' lang='lat' dir='ltr'><strong>incarnati</strong></span> <span class='ocrx_word' id='word_1_258' title='bbox 1399 4195 1586 4269; x_wconf 89' lang='lat' dir='ltr'><strong>Verbi</strong></span> <span class='ocrx_word' id='word_1_259' title='bbox 1630 4199 1837 4269; x_wconf 77' lang='lat' dir='ltr'><strong>MCXC</strong></span> <span class='ocrx_word' id='word_1_260' title='bbox 1866 4202 2174 4288; x_wconf 90' lang='lat' dir='ltr'><strong>septimo,</strong></span> <span class='ocrx_word' id='word_1_261' title='bbox 2217 4197 2629 4290; x_wconf 84' lang='lat' dir='ltr'><strong>pontificatus</strong></span> <span class='ocrx_word' id='word_1_262' title='bbox 2660 4199 2864 4270; x_wconf 91' lang='lat' dir='ltr'><strong>nostri</strong></span> <span class='ocrx_word' id='word_1_263' title='bbox 2922 4221 3091 4270; x_wconf 91' lang='lat' dir='ltr'><strong>anno</strong></span> 
     </span>
     <span class='ocr_line' id='line_1_33' title="bbox 850 4334 1083 4403; baseline 0.009 -23"><span class='ocrx_word' id='word_1_264' title='bbox 850 4334 1083 4403; x_wconf 76' lang='lat' dir='ltr'><strong>primo.</strong></span> 
     </span>
    </p>
   </div>
   <div class='ocr_carea' id='block_1_5' title="bbox 921 4656 1962 4730">
    <p class='ocr_par' dir='ltr' id='par_1_5' title="bbox 921 4656 1962 4730">
     <span class='ocr_line' id='line_1_34' title="bbox 921 4656 1962 4730; baseline -0.001 -16"><span class='ocrx_word' id='word_1_265' title='bbox 921 4658 939 4693; x_wconf 86' lang='lat'>¹</span> <span class='ocrx_word' id='word_1_266' title='bbox 980 4656 1179 4730; x_wconf 80' lang='lat' dir='ltr'><strong>Milon,</strong></span> <span class='ocrx_word' id='word_1_267' title='bbox 1208 4663 1393 4714; x_wconf 90' lang='lat' dir='ltr'><strong>comte</strong></span> <span class='ocrx_word' id='word_1_268' title='bbox 1421 4658 1492 4713; x_wconf 93' lang='lat' dir='ltr'><strong>de</strong></span> <span class='ocrx_word' id='word_1_269' title='bbox 1515 4657 1962 4716; x_wconf 85' lang='lat' dir='ltr'><strong>Bar-sur-Seine.</strong></span> 
     </span>
    </p>
   </div>
   <div class='ocr_carea' id='block_1_6' title="bbox 3379 3507 3392 4891">
    <p class='ocr_par' dir='ltr' id='par_1_6' title="bbox 3379 3507 3392 4891">
     <span class='ocr_line' id='line_1_35' title="bbox 3379 3507 3392 4891; baseline 0 0"><span class='ocrx_word' id='word_1_270' title='bbox 3379 3507 3392 4891; x_wconf 95' lang='lat' dir='ltr'><strong> </strong></span> 
     </span>
    </p>
   </div>
  </div>
 </body>
</html>
