3485 5571
1378 681 1457 694 —
1496 646 1615 711 377
1658 679 1733 695 —

429 774 653 846 altaris
696 773 1416 866 predicticontingente,
1452 776 1610 845 duas
1632 796 1921 845 cameras
1956 773 2112 846 sitas
2143 778 2310 866 apud
2334 778 2680 848 ecclesiam

429 887 650 959 Sancti
712 889 1058 975 Michaelis,
1129 887 1345 959 domui
1404 887 1557 958 dicti
1604 887 1936 959 Vincencii
1995 887 2332 980 contiguas
2384 912 2459 960 ex
2508 904 2684 980 parte

428 1001 727 1088 Martreii,
764 1004 926 1073 duas
943 1024 1231 1073 cameras
1272 1001 1332 1072 in
1372 1005 1612 1093 Campo
1642 1002 2011 1093 Aguenonis
2045 1007 2205 1074 sitas
2226 1002 2498 1074 cameris
2540 1026 2681 1095 pre-

426 1115 581 1186 dicti
623 1115 954 1188 Vincencii
1018 1115 1355 1207 contiguas
1379 1139 1454 1187 ex
1494 1129 1671 1208 parte
1731 1115 2000 1207 Ligeris,
2058 1120 2378 1207 quoddam
2456 1139 2683 1209 arpen-

427 1243 561 1299 tum
588 1244 654 1301 et
687 1229 1020 1300 dimidium
1093 1230 1279 1301 vinee
1342 1229 1535 1301 situm
1575 1233 1747 1321 apud
1790 1233 2242 1315 Garillandam,
2283 1231 2486 1303 vineis
2523 1232 2680 1303 dicti

423 1343 756 1415 Vincencii
793 1344 1128 1416 attinentia
1168 1369 1242 1416 ex
1295 1359 1472 1436 parte
1512 1344 1820 1436 pressorii
1863 1348 1943 1417 de
1984 1349 2364 1437 Orgemont‚
2406 1350 2533 1417 duo
2584 1369 2680 1418 ar-

427 1474 620 1550 penta
663 1457 989 1530 vinearum
1018 1459 1138 1530 sita
1176 1462 1345 1550 apud
1386 1461 1699 1540 Boellum‚
1732 1461 1861 1531 duo
1890 1474 2156 1551 arpenta
2181 1458 2510 1532 vinearum
2554 1459 2677 1533 sita

426 1597 623 1665 supra
684 1577 1029 1646 calceatam
1098 1597 1295 1666 prope
1362 1574 1731 1666 Hospicium
1805 1577 2176 1648 monialium
2224 1582 2267 1659 ¹,
2329 1580 2672 1667 quamdam

425 1688 666 1780 petiam
708 1702 876 1759 terre
928 1687 1184 1760 arabilis
1247 1691 1312 1759 in
1374 1692 1556 1761 Valle
1595 1689 1948 1761 subdecani
1993 1692 2018 1735 ²
2072 1693 2289 1774 sitam,
2334 1690 2670 1762 dimidium

423 1818 763 1896 arpentum
807 1803 1064 1875 auberie
1096 1805 1288 1875 sitnm
1326 1808 1493 1895 apud
1537 1809 1839 1875 Sanctum
1875 1804 2224 1888 Privatum,
2276 1820 2483 1877 totum
2523 1828 2676 1878 cen-

424 1942 572 1989 sum
604 1933 667 1990 et
709 1933 906 1990 totam
938 1920 1252 1991 decimam
1294 1942 1482 2010 quem
1524 1942 1794 1992 censum
1835 1935 1899 1991 et
1949 1943 2138 2011 quam
2178 1920 2493 1992 decimam
2561 1924 2675 1992 ha-

422 2036 530 2104 bet
562 2032 802 2104 dictum
856 2037 1056 2104 altare
1094 2035 1266 2126 apud
1319 2031 1548 2105 Viliers
1579 2034 1713 2104 sive
1768 2037 1934 2124 apud
1992 2037 2243 2106 Ulmum
2313 2036 2393 2106 de
2467 2038 2672 2107 Arche

424 2153 612 2234 Nant,
648 2171 914 2220 censum
967 2164 1030 2220 et
1061 2148 1375 2221 decimam
1418 2151 1498 2220 de
1537 2155 1780 2233 Monte,
1823 2172 2094 2220 censum
2128 2164 2191 2219 et
2232 2148 2545 2220 decimam
2588 2151 2670 2220 de

420 2263 762 2346 Varannis,
805 2287 1071 2335 censum
1124 2278 1186 2336 et
1235 2266 1553 2335 decimam
1597 2267 1676 2335 de
1727 2263 1931 2335 tribus
1979 2263 2266 2355 arpentis
2305 2264 2488 2336 vinee
2529 2264 2671 2335 sitis

417 2391 591 2449 retro
625 2377 965 2450 ecclesiam
1007 2377 1221 2449 Sancti
1247 2377 1607 2460 Vincencii,
1649 2401 1917 2449 censum
1950 2392 2016 2450 et
2053 2378 2369 2450 decimam
2397 2381 2478 2449 de
2520 2401 2668 2469 sep-

415 2506 548 2563 tem
589 2491 926 2582 quarteriis
957 2491 1284 2564 vinearum
1328 2491 1470 2563 sitis
1499 2515 1698 2583 prope
1740 2491 2099 2583 presorium
2138 2495 2219 2563 de
2246 2492 2468 2577 Biona‚
2515 2516 2669 2564 cen-

418 2629 563 2677 sum
606 2610 685 2677 de
726 2610 960 2677 Sancto
994 2605 1265 2688 Privato,
1297 2629 1565 2677 censum
1607 2609 1687 2677 de
1717 2610 1849 2677 Rua
1889 2611 2083 2691 Nova,
2114 2629 2382 2678 censum
2418 2610 2497 2679 de
2538 2613 2665 2677 Gu-

412 2723 593 2803 dum,
620 2742 886 2792 censum
929 2722 1208 2814 debarre
1231 2723 1282 2806 ³,
1316 2744 1586 2794 censum
1623 2724 1702 2793 de
1742 2720 1966 2792 Alodio
2001 2732 2067 2792 et
2088 2743 2359 2794 censum
2378 2723 2456 2793 de
2488 2734 2656 2793 terra

413 2834 730 2926 episcopi.
773 2839 867 2907 De
906 2836 1141 2929 quibus
1172 2834 1632 2927 particionibus
1662 2849 1727 2907 et
1756 2834 2185 2906 divisionibus
2226 2842 2398 2907 Bovo
2428 2837 2666 2925 etvin-

413 2949 670 3021 centius
708 2951 977 3041 predicti
1022 2974 1238 3022 coram
1290 2951 1476 3021 nobis
1517 2973 1589 3022 se
1654 2964 1999 3022 tenuerunt
2035 2949 2316 3041 plenarie
2359 2974 2472 3042 pro
2511 2974 2664 3022 con-

410 3063 634 3146 tentiS,
682 3063 1132 3155 promittentes
1170 3088 1287 3156 per
1327 3066 1517 3135 fidem
1559 3088 1737 3136 suam
1781 3067 1951 3155 quod
1994 3080 2215 3136 contra
2254 3067 2463 3136 dictas
2518 3089 2658 3157 par-

410 3177 690 3248 ticiones
729 3192 792 3249 et
832 3177 1185 3249 divisiones
1226 3177 1392 3249 inter
1435 3201 1506 3249 se
1531 3181 1611 3250 de
1645 3177 1837 3249 dictis
1877 3178 2064 3250 bonis
2097 3183 2294 3249 factas
2315 3201 2428 3270 per
2460 3202 2532 3250 se
2561 3182 2654 3251 vel

411 3313 527 3382 per
565 3290 727 3362 alios
778 3291 994 3382 aliquo
1051 3295 1196 3383 jure
1256 3295 1351 3363 vel
1418 3291 1630 3383 aliqua
1669 3314 1862 3363 causa
1928 3315 2054 3362 non
2098 3291 2355 3364 venient
2396 3292 2460 3362 in
2493 3295 2666 3363 futu-

409 3429 576 3475 rum.
623 3410 749 3476 Nos
788 3428 939 3477 vero
1003 3405 1389 3497 particiones
1437 3405 1892 3478 et·divisiones
1933 3405 2251 3498 predictas
2308 3408 2389 3477 ad
2440 3429 2665 3498 perpe-

410 3519 700 3590 tuitatem
741 3533 910 3591 ratas
959 3525 1269 3592 habentes
1298 3535 1364 3591 et
1385 3523 1628 3604 firmaS‚
1671 3525 1749 3592 ad
1780 3520 2149 3612 petitionem
2200 3520 2519 3592 dictorum
2545 3526 2663 3593 Bo-

410 3635 594 3703 vonis
620 3648 683 3704 et
738 3632 1069 3705 Vincencii
1134 3658 1243 3706 eas
1281 3634 1484 3726 segilli
1521 3635 1721 3705 nostri
1764 3634 2060 3705 duximus
2105 3651 2426 3706 caractare
2465 3638 2659 3707 roho-

408 3750 665 3818 randas.
701 3728 929 3818 Datum
957 3771 1127 3818 anno
1163 3748 1419 3819 Domini
1461 3752 1711 3820 MCCXL
1739 3764 1988 3819 octavo.

477 4321 495 4355 ¹
538 4320 1268 4376 Saint-Denic-de-I’Hotel.

480 4408 505 4443 ²
543 4410 912 4465 Vausoudun.

478 4499 501 4531 ⁸
539 4501 692 4555 Dans
721 4515 799 4555 un
828 4506 950 4555 acte
978 4500 1050 4554 de
1077 4500 1237 4567 1607,
1272 4503 1456 4556 meme
1486 4507 1628 4569 cote,
1671 4502 1709 4556 il
1763 4508 1847 4557 est
1878 4501 2033 4572 ραι-Ιώ
2092 4502 2262 4556 d'une
2300 4502 2516 4557 maison
2554 4520 2652 4559 rue

407 4588 474 4642 de
511 4589 565 4643 la
589 4587 890 4658 Clouterie‚
930 4606 1053 4661 par.
1084 4590 1408 4656 Saint-Eloi,
1441 4592 1671 4663 appelee
1703 4590 1975 4647 autrefois
2012 4611 2036 4641 ι
2081 4591 2132 4646 la
2162 4590 2380 4645 maison
2411 4591 2484 4646 du
2518 4594 2649 4648 Lar-

410 4676 485 4730 riz
526 4694 576 4733 ».
619 4676 816 4732 Est-ce
838 4677 1001 4735 d’elle
1031 4677 1168 4748 qu’il
1206 4676 1416 4748 s'agit?
