3485 5571
1442 664 1798 735 -323ae

1476 1054 1768 1115 CCXXX!

1340 1351 1701 1415 Decembre
1754 1352 1912 1417 1233

499 1600 607 1656 Les
634 1601 958 1672 chapelains
988 1602 1057 1657 de
1083 1602 1512 1660 Sto-Madeleine
1557 1620 1629 1659 en
1670 1604 1884 1675 l’eglise
1922 1606 2218 1662 d’Orleane
2255 1607 2566 1679 echangent
2613 1609 2749 1665 trois

573 1698 850 1768 quartiers
879 1697 949 1753 de
978 1699 1557 1771 vigneaGuignegaut
1585 1706 1777 1757 contre
1805 1718 1919 1757 une
1947 1702 2105 1774 piece
2133 1703 2203 1758 de
2232 1703 2393 1775 vigne
2422 1705 2454 1759 a
2484 1707 2535 1760 la
2559 1704 2752 1761 Groix-

569 1793 821 1849 Boissee.

962 1941 1141 2012 <Orig.
1172 1959 1219 1999 S.
1250 1942 1444 2014 purch.
1475 1943 1647 1999 Arch.
1681 1944 1758 2000 du
1789 1944 1998 2017 Loiret,
2039 1945 2106 2002 G.
2134 1946 2285 2015 427.)

588 2162 685 2242 S.,
729 2154 1021 2229 officialis
1055 2154 1235 2227 curie
1266 2155 1580 2249 L[eberti]
1625 2157 1853 2228 decani
1890 2156 2396 2241 Aurelianensis»,
2425 2160 2747 2230 universis

499 2284 839 2364 presentes
889 2269 1130 2342 litteras
1192 2272 1591 2360 inspecturis
1644 2272 1915 2349 salutem
1978 2271 2041 2340 in
2105 2271 2408 2343 Domino.
2449 2273 2748 2343 Noverint

499 2382 780 2456 universi
858 2385 1028 2475 quod
1105 2386 1405 2453 Arnulfus
1478 2396 1542 2453 et
1634 2385 2049 2474 Reginaldus,
2123 2382 2435 2475 capellani
2525 2385 2747 2457 altaris

500 2503 693 2571 Beate
724 2496 910 2568 Marie
938 2498 1328 2588 Magdalene‚
1362 2497 1429 2567 in
1458 2495 1733 2567 ecclesia
1763 2500 1996 2568 Sancte
2022 2500 2244 2568 Crucis
2274 2497 2748 2571 Aurelianensis

500 2611 806 2696 edificati,
839 2610 903 2681 in
946 2624 1163 2682 nostra
1193 2611 1517 2702 presentia
1547 2609 1907 2694 constituti,
1946 2607 2062 2680 tria
2079 2610 2396 2702 quarteria
2419 2611 2748 2683 vinearum

496 2727 561 2799 in
592 2730 737 2800 loco
768 2729 879 2820 qui
910 2740 1173 2798 vocatur
1199 2728 1511 2816 Ginegaut
1549 2725 1669 2798 sita
1705 2725 1770 2797 in
1810 2724 2068 2798 censiva
2092 2730 2353 2801 Evrardi
2385 2730 2462 2800 de
2496 2728 2742 2812 Corvai,

498 2841 746 2925 militis,
789 2844 913 2912 sub
971 2841 1188 2932 precio
1248 2839 1466 2931 viginti
1545 2840 1830 2932 quinque
1895 2839 2199 2914 librarum
2266 2840 2743 2933 parisiensium,

493 2979 746 3027 necnon
809 2967 876 3027 et
929 2954 1416 3050 quatuordecim
1474 2953 1669 3025 libras
1726 2953 2180 3054 parisiensium
2244 2958 2583 3027 Fulcherio
2665 2959 2747 3028 de

496 3074 821 3159 Montorge
878 3082 942 3139 et
991 3070 1310 3150 Johanne‚
1367 3070 1544 3138 uxori
1602 3071 1768 3159 ejus,
1831 3091 1946 3160 pro
2011 3071 2285 3159 quadam
2342 3072 2524 3161 pecia
2563 3069 2746 3142 vinee

493 3185 662 3273 apud
703 3185 971 3253 Crucem
1012 3181 1274 3254 Boissee
1306 3181 1427 3252 sita
1465 3183 1532 3250 in
1595 3181 1855 3253 censiva
1896 3182 2113 3254 Sancti
2153 3183 2499 3263 Laurentii,
2544 3183 2607 3253 in
2648 3207 2746 3255 es-

492 3297 857 3368 chambium
900 3297 1213 3367 dederunt
1277 3309 1341 3367 et
1398 3309 1865 3366 concesserunt
1904 3295 1998 3368 eis
2033 3311 2096 3367 et
2136 3320 2358 3369 eorum
2398 3296 2746 3369 heredibus

487 3415 555 3482 in
598 3425 974 3504 perpetuum
1018 3411 1281 3502 pacifice
1321 3411 1736 3501 possidenda.
1782 3410 2008 3490 Dictus
2051 3434 2197 3483 vero
2244 3415 2618 3484 Pulcherius
2679 3428 2745 3484 et

484 3529 805 3608 Johanna‚
843 3548 1000 3596 uxor
1036 3527 1201 3616 ejuS,
1246 3524 1675 3617 prescriptum
1715 3524 2160 3596 eschambium
2186 3539 2393 3597 ratum
2434 3529 2745 3607 habentes

487 3654 552 3711 et
612 3642 893 3721 firmum,
950 3641 1384 3729 supradictam
1428 3639 1675 3731 peciam
1730 3638 1915 3711 vinee
1963 3642 2132 3732 apud
2185 3639 2421 3711 dictam
2475 3644 2746 3712 Crucem

491 3756 682 3825 sitam
716 3751 1179 3843 prenominatis
1219 3755 1569 3843 capellanis
1624 3765 1691 3825 et
1739 3776 1964 3825 eorum
2013 3752 2465 3826 sucessoribus
2500 3757 2744 3827 ratione

490 3867 645 3939 dicti
667 3866 1021 3938 eschambii
1051 3882 1519 3938 concesserunt
1543 3868 1609 3937 in
1639 3883 2018 3961 perpetuum
2038 3870 2301 3960 pacifice
2327 3867 2742 3963 possidenda.

492 3982 943 4054 Prenominata
1003 3982 1195 4053 etiam
1251 3985 1546 4053 Johanna
1582 3983 1956 4053 dotalicium
1998 4006 2214 4066 suum,
2257 3986 2430 4075 quod
2473 3984 2535 4053 in
2572 3986 2742 4056 dicta

490 4097 677 4169 vinea
719 4099 799 4167 de
841 4099 1042 4167 Cruce
1100 4118 1170 4167 se
1231 4099 1469 4167 habere
1509 4095 1788 4179 dicebat,
1848 4095 2222 4168 memoratis
2273 4097 2621 4191 capellanis
2681 4112 2745 4169 et

490 4236 716 4285 eorum
771 4210 1262 4282 successoribus
1323 4226 1676 4302 spontanea
1720 4213 2047 4283 voluntate
2085 4214 2382 4303 quitavit,
2422 4216 2744 4303 fidemque

492 4331 573 4399 de
604 4351 733 4399 non
775 4328 1182 4398 reclamando
1215 4324 1492 4416 prestitit
1520 4328 1947 4416 corporalem.
1982 4330 2077 4398 De
2117 4326 2242 4397 isto
2273 4350 2422 4398 vero
2453 4331 2748 4398 escham·

491 4444 601 4515 bio
625 4442 892 4516 firmiter
919 4445 1199 4515 tenendo
1229 4442 1398 4514 etde
1427 4441 1714 4533 garantia
1744 4445 1938 4513 modo
1969 4443 2184 4514 debito
2215 4441 2503 4514 facienda
2532 4442 2746 4514 dictus

490 4561 844 4630 Fulcherus
869 4572 932 4629 et
961 4560 1251 4629 Johanna
1282 4578 1442 4627 uxor
1464 4558 1604 4649 ejus
1631 4559 1823 4628 fidem
1854 4558 2273 4650 prestiterunt
2311 4560 2736 4648 corporalem.

491 4676 724 4743 Actum
754 4694 925 4742 anno
960 4669 1218 4743 Domini
1259 4673 1570 4741 MCCXXX
1612 4668 1826 4759 tertio,
1867 4693 2094 4748 mense
2131 4671 2488 4754 decembri.
