3485 5571
1774 644 2090 708 -46-

815 787 1050 847 rectam
1106 777 1186 845 ad
1250 796 1370 845 nos
1432 795 1628 866 super
1682 776 1802 844 bac
1847 796 1916 843 re
1981 771 2319 864 epistolam
2370 771 2632 858 exorati,
2676 771 3039 845 canonicam

812 905 1088 960 vestram
1151 911 1297 958 cum
1343 887 1646 958 omnibus
1695 885 1816 958 sibi
1860 886 2330 979 pertinentibus
2371 887 2432 956 in
2477 885 2791 957 tuitionen
2847 893 3043 979 Apos-

815 1002 1024 1073 tolicae
1062 1000 1249 1073 Sedis
1287 999 1687 1092 accepimus,
1740 998 2200 1071 rationabiliter
2237 1002 2691 1072 confirmantes
2728 1014 2794 1071 et
2847 1020 3044 1072 corro-

814 1118 1116 1186 borantes
1157 1129 1225 1185 ut
1263 1139 1335 1185 ea
1375 1138 1517 1205 quae
1548 1136 1739 1205 supra
1781 1127 2178 1185 memoratus
2216 1113 2561 1205 episcopus
2587 1127 2798 1185 vester
2824 1114 3044 1185 vestris

819 1228 1234 1321 petitionibus
1268 1232 1347 1299 de
1401 1227 1586 1299 bonis
1625 1227 1909 1299 decaniae
1950 1231 1965 1262 ¹
2007 1230 2087 1298 ad
2126 1249 2537 1299 communem
2567 1247 2753 1299 usum
2791 1231 3046 1299 Iratrum

815 1344 1041 1415 annuit
1069 1359 1259 1435 atque
1299 1344 1648 1426 concessit,
1680 1358 1814 1415 rata
1854 1358 1918 1414 et
1957 1341 2390 1414 indissolubili
2425 1364 2683 1435 semper
2712 1342 3049 1415 stabilitate

811 1474 1247 1551 permaneant,
1315 1459 1399 1529 ita
1467 1474 1534 1529 ut
1611 1481 1802 1529 nemo
1865 1481 2146 1549 unquam
2204 1472 2313 1528 aut
2379 1458 2529 1529 inde
2585 1460 2889 1542 avellere,
2948 1472 3050 1528 aut

806 1586 1028 1645 contra
1059 1576 1451 1644 voluntatem
1494 1575 1755 1643 fratrum
1807 1572 1943 1643 suis
1984 1571 2211 1643 usibus
2250 1571 2642 1663 mancipare,
2697 1587 2807 1643 aut
2851 1571 2915 1641 in
2957 1571 3050 1643 bis

806 1710 920 1758 seu
961 1686 1024 1756 in
1053 1674 1371 1778 aliquibus
1411 1690 1604 1758 rebus
1646 1689 1845 1757 malas
1883 1686 2390 1758 consuetudines
2448 1709 2774 1769 revocare,
2819 1688 2916 1758 vel
2971 1688 3045 1757 ad

807 1801 1262 1872 detrimentum
1324 1804 1588 1872 fratrum
1647 1803 1712 1871 in
1780 1803 2036 1891 prael'ata
2094 1802 2402 1872 canonica
2464 1799 2703 1891 aliquid
2747 1799 3050 1871 inducere

805 1918 903 1986 vel
943 1938 1131 2007 prave
1172 1914 1379 1986 moliri
1434 1917 1691 1986 audeat.
1760 1915 2066 1985 Similiter
2139 1914 2331 1987 etiam
2394 1917 2472 1985 de
2533 1930 2750 1986 cetero
2824 1937 3053 1986 conce-

815 2030 1027 2100 dimus
1093 2044 1160 2100 et
1197 2032 1653 2100 confirmamus
1707 2026 1915 2100 eidem
1983 2028 2313 2119 canonicae
2362 2042 2590 2099 vestrae
2655 2050 3054 2120 quaecunque

815 2146 979 2213 bona
1013 2157 1138 2212 tam
1189 2142 1252 2211 in
1295 2146 1488 2213 rebus
1530 2141 1875 2213 mobilibus
1916 2164 2108 2232 quam
2170 2141 2609 2214 immobilibus
2670 2165 2843 2213 nunc
2887 2145 3056 2233 juste

813 2259 1006 2327 habet
1053 2250 1249 2326 autin
1282 2268 1640 2347 posterum,
1682 2260 1817 2327 Deo
1857 2269 2213 2339 annuente,
2243 2255 2532 2327 habitura
2565 2269 2710 2327 est:
2757 2255 3057 2347 quatinus

807 2371 886 2440 ab
918 2370 1094 2440 omni
1131 2372 1412 2440 humana
1452 2368 1864 2441 infestatione
1906 2369 2101 2440 libera
2141 2383 2331 2461 atque
2374 2392 2628 2453 secura,
2670 2388 2817 2440 cum
2879 2369 3056 2440 omni

808 2486 1025 2573 quiete
1090 2507 1162 2554 ea
1241 2497 1453 2554 teneat
1517 2497 1707 2575 atque
1769 2484 2121 2576 possideat,
2192 2487 2361 2555 salva
2434 2499 2646 2555 tamen
2702 2472 3060 2556 reverentia

811 2595 1164 2688 praescripti
1224 2597 1537 2690 episcopi.
1606 2602 1683 2669 Ut
1720 2598 1916 2689 igitur
1954 2601 2091 2668 haec
2130 2621 2387 2690 semper
2435 2598 2809 2671 inconvulsa
2853 2597 3059 2670 illiba-

809 2726 998 2804 taque
1071 2726 1512 2803 permaneant‚
1595 2713 1947 2804 apostolica
2013 2712 2396 2783 auctoritate
2467 2712 2916 2785 interdicimus
2993 2728 3060 2783 ut

812 2829 980 2898 nulla
1021 2849 1301 2918 unquam
1360 2849 1639 2918 persona
1688 2826 1997 2898 secularis
2017 2842 2140 2898 “aut
2212 2827 2654 2899 ecclesiastica
2713 2827 3058 2919 quicquam

808 2942 982 3032 quod
1021 2942 1123 3010 bis
1151 2942 1548 3011 contrarium
1577 2943 1661 3011 sit
1701 2941 1766 3011 in
1794 2943 2022 3012 eadem
2047 2940 2361 3013 canonica
2383 2940 2689 3012 inducere
2706 2965 2822 3013 seu
2849 2941 3062 3012 moliri

809 3056 1063 3141 audeat,
1100 3077 1220 3126 nec
1260 3054 1603 3146 quicquam
1644 3057 1723 3125 de
1760 3055 1946 3126 bonis
1988 3055 2336 3146 praelibatae
2375 3056 2661 3127 decaniae
2700 3070 2809 3126 aut
2847 3054 3060 3146 aliqua

809 3167 931 3238 alia
991 3167 1112 3239 sibi
1182 3168 1532 3239 adtinentia
1573 3173 1739 3239 bona
1801 3169 2100 3240 invadere
2150 3173 2247 3241 vel
2305 3169 2680 3260 disperdere
2742 3182 2851 3240 aut
2913 3170 3065 3241 inde

813 3280 1090 3354 alienare
1170 3298 1536 3374 praesumat.
1608 3285 1672 3353 Si
1736 3283 1882 3374 quis
1943 3298 2158 3356 autem
2245 3300 2466 3355 contra
2549 3287 2739 3376 hujus
2823 3297 3066 3355 nostrae

813 3395 1166 3467 sanctionis
1197 3401 1452 3469 decreta
1491 3397 1831 3469 temerario
1871 3421 2030 3469 ausu
2089 3398 2303 3468 venire
2366 3397 2795 3489 temptaverit,
2856 3419 3065 3488 usque

811 3514 889 3580 ad
954 3510 1210 3601 dignam
1276 3510 1783 3585 satisfactionem
1844 3512 2270 3584 anathematis
2334 3514 2564 3603 laqueo
2621 3534 2693 3584 se
2746 3510 3065 3583 irretitum

812 3624 1082 3696 noverit.
1163 3626 1286 3712 Qui
1361 3650 1512 3699 vero
1568 3629 1707 3699 baec
1774 3631 1998 3699 eadem
2067 3629 2235 3700 fideli
2299 3627 2643 3700 devotione
2715 3630 3062 3699 observare

813 3740 1151 3818 curaverit,
1197 3740 1431 3811 divinae
1467 3742 2005 3813 remunerationis
2041 3742 2308 3833 gratiam
2346 3757 2411 3812 et
2447 3741 2822 3835 apostolicae
2859 3744 3059 3813 bene·

817 3853 1120 3925 dictionis
1159 3854 1263 3926 hic
1303 3855 1462 3926 etin
1504 3859 1788 3927 futurum
1817 3870 2250 3947 consequatur
2286 3858 2811 3927 habundantiam.

885 4302 905 4338 ¹
933 4302 1011 4358 La
1044 4303 1201 4375 copie
1248 4305 1317 4359 de
1363 4304 1565 4359 Baluze
1594 4310 1752 4376 porte
1799 4308 1869 4360 'en
1916 4320 2146 4375 marge:
2187 4304 2324 4362 Vide
2377 4306 2619 4376 Greyor.
2671 4306 2793 4379 1⁷11,
2853 4305 2950 4364 lib.
2999 4307 3064 4374 3,

815 4391 981 4463 epist.
1015 4391 1116 4456 16,
1162 4393 1240 4448 17
1262 4411 1277 4462 ;
1312 4393 1410 4450 lib.
1441 4394 1500 4448 4.
1530 4393 1689 4464 epist.
1718 4392 1777 4448 9.
1815 4395 1920 4448 Ces
1952 4394 2146 4450 lettres
2178 4399 2306 4449 sont
2333 4395 2688 4465 cataloguees
2726 4396 2865 4450 dans
2904 4394 3064 4452 Jaffe.

818 4481 1057 4552 Reyesta
1108 4480 1457 4552 Pontificum
1507 4483 1927 4550 Romanorum,
1977 4484 2023 4553 1,
2071 4500 2165 4555 pp.
2214 4482 2435 4553 617-18‚
2493 4491 2581 4538 n⁰⁸
2629 4483 2968 4553 4990-4991,
3012 4492 3069 4540 et

818 4584 875 4639 p.
915 4569 1040 4636 619,
1100 4582 1165 4625 11⁰
1208 4569 1369 4626 5010.
1401 4571 1548 4626 Elles
1595 4577 1692 4625 ont
1731 4572 1862 4626 trait
1919 4573 1950 4626 a
2005 4572 2585 4628 l'excommunication
2627 4571 2697 4628 de
2740 4572 2987 4642 Rainier‚
3036 4575 3071 4628 a

822 4673 987 4714 cause
1028 4659 1098 4714 de
1126 4664 1270 4715 cette
1296 4659 1536 4715 reunion
1567 4660 1920 4716 desastreuse
1946 4677 2092 4733 pour
2128 4661 2181 4715 le
2224 4660 2477 4717 decanat.
