3485 5571
1403 644 1756 718 —375-

1328 1123 1334 1127 '
1416 1025 1752 1088 CCLXXXI

1268 1304 1661 1386 Septembre
1703 1301 1862 1366 1247

429 1536 797 1606 Gaulanitis,
827 1536 1041 1607 &eque
1070 1533 1384 1602 &ox-leem,
1415 1532 1650 1589 accorde
1677 1533 1710 1590 a
1737 1533 1955 1597 chacun
1983 1532 2082 1588 des
2119 1533 2495 1594 archidiacres
2538 1534 2592 1589 la
2616 1533 2695 1590 fa-

517 1632 670 1694 cult&
698 1631 767 1696 de
794 1630 1003 1698 choisir
1026 1630 1165 1692 dane
1193 1645 1299 1694 son
1335 1629 1724 1694 archidiacone
1768 1645 1882 1692 une
1932 1628 2055 1688 des·
2078 1629 2283 1699 eglises
2340 1629 2703 1700 paroissiales

519 1727 661 1782 dont
697 1727 735 1781 il
771 1743 803 1783 a
832 1727 885 1782 le
913 1733 1254 1798 patronage:
1286 1724 1395 1781 elle
1441 1725 1522 1780 lui
1563 1725 1982 1796 appartiendra,
2042 1730 2097 1781 et
2134 1725 2172 1779 il
2211 1741 2242 1795 y
2278 1740 2573 1788 nommera
2622 1740 2702 1784 un

522 1823 871 1879 desservant.

431 1968 665 2040 (Copie.
697 1967 819 2024 Bib.
849 1968 979 2025 Nat.
1011 1966 1363 2024 Moreau167
1386 1983 1399 2021 ε
1430 1966 1557 2022 250.
1588 1985 1617 2018 α
1657 1967 1789 2022 Tire
1819 1966 1895 2022 du
1933 1966 2133 2022 cartul.
2166 1965 2236 2021 de
2290 1965 2688 2024 sainte-Croix

1377 2062 1475 2120 fol.
1507 2061 1579 2119 ω
1608 2073 1666 2116 ΥΩ
1693 2063 1771 2134 s).
2434 2056 2443 2061 ’

543 2279 944 2364 Guillelmus‚
1023 2277 1237 2350 divina
1300 2276 1714 2349 miseratione
1791 2276 2275 2358 Aurelianensis
2326 2276 2700 2370 episcopua,

438 2393 770 2466 universis
811 2406 1147 2486 presentes
1196 2391 1442 2463 litteras
1507 2391 1899 2482 inspecturis
1961 2392 2234 2461 salutem
2288 2388 2353 2462 in
2400 2387 2703 2464 Domino.

437 2507 752 2580 Noverint
786 2505 1065 2579 universi
1103 2509 1275 2597 quod
1303 2528 1450 2589 nos,
1491 2505 1900 2575 attendentes
1930 2503 2307 2575 tenuitatem
2364 2518 2429 2575 et
2466 2503 2708 2575 insuffi-

441 2622 756 2694 cientiam
818 2624 1186 2702 reddituum
1217 2622 1296 2690 ad
1336 2617 1895 2689 archidiaconatus
1927 2617 2402 2696 Aurelianensis
2429 2617 2706 2690 ecclesie

443 2734 936 2828 pertinentium,
980 2748 1143 2815 etut
1187 2731 1434 2805 facilius
1473 2747 1536 2804 et
1576 2731 1899 2813 libencius
1944 2731 2380 2813 archidiaconi
2449 2731 2703 2824 possint

449 2862 519 2919 et
562 2848 758 2920 velint
794 2847 1189 2919 visitationis
1228 2846 1510 2919 officium
1548 2868 1873 2930 exercere,
1925 2868 2072 2917 cum
2135 2868 2247 2937 per
2307 2844 2701 2938 presentiam

448 2976 517 3033 et
555 2961 1100 3055 propinquitatem
1141 2984 1325 3033 suam
1354 2960 1580 3033 melius
1613 2960 1867 3052 possint
1895 2959 2063 3031 scire
2100 2983 2175 3035 ea
2212 2962 2338 3051 que
2377 2959 2443 3031 in
2482 2959 2702 3032 archi-

453 3078 899 3149 diaconatibus
946 3076 1085 3157 suis
1138 3078 1374 3147 tuerint
1430 3074 1834 3166 corrigenda,
1885 3096 2007 3145 nos
2036 3074 2456 3146 concedimus
2493 3073 2705 3146 archi-

453 3190 772 3275 diaconis,
831 3189 1096 3263 cuilibet
1154 3192 1220 3262 in
1280 3187 1801 3267 archidiaconatu
1852 3210 1996 3271 suo,
2042 3211 2233 3261 unam
2299 3189 2696 3281 parochiam,

452 3303 798 3377 ecelesiam
827 3327 1016 3396 quam
1053 3306 1290 3396 eligere
1316 3303 1636 3387 maluerit,
1663 3305 1742 3374 ad
1776 3305 1882 3395 ius
1922 3311 2296 3393 patronatus
2322 3306 2699 3374 eorumdem

455 3417 911 3509 pertinentem,
946 3432 1010 3489 et
1048 3441 1160 3490 eas
1187 3441 1350 3509 quas
1387 3414 1685 3509 eligerint
1721 3415 2397 3489 archidiaconitatibus
2438 3415 2699 3497 unimus

453 3546 520 3605 et
558 3534 856 3604 volumus
895 3554 1006 3607 eas
1042 3528 1717 3603 archidiaconitatibus
1746 3529 1810 3601 in
1843 3543 2221 3623 perpetuum
2239 3532 2575 3616 adherere,
2610 3529 2698 3601 ita

453 3662 668 3727 tamen
703 3650 876 3739 quod
911 3647 1348 3720 archidiaconi
1407 3649 1474 3727 in
1531 3647 1831 3719 ecelesiis
1870 3649 1965 3717 sic
2001 3645 2283 3718 obtentis
2318 3668 2432 3738 per
2470 3667 2702 3736 perso-

455 3784 573 3833 nas
589 3762 857 3834 idoneas
883 3764 1120 3834 facient
1149 3761 1493 3841 deservire.
1537 3765 1770 3833 Datum
1813 3783 1984 3831 anno
2026 3758 2280 3832 Domini
2317 3762 2696 3845 uccxtvn,

456 3899 684 3949 mense
708 3877 1081 3969 septembri.

528 4331 548 4373 ι
588 4322 735 4383 Note
763 4321 983 4387 dedam
1015 4323 1243 4393 Geron:
1284 4340 1315 4381 c
1345 4322 1491 4389 C’est
1527 4324 1580 4386 le
1610 4324 1735 4393 titre
1765 4324 2095 4395 primordia!
2125 4323 2222 4395 qui
2257 4323 2444 4384 donne
2472 4323 2524 4381 le
2556 4323 2706 4391 droit

457 4428 562 4469 aux
593 4412 973 4491 archidiacres
1003 4412 1073 4487 de
1119 4412 1330 4493 l’eglise
1375 4413 1671 4478 d30rleans
1719 4413 1789 4471 de
1831 4430 2092 4481 nominer
2141 4430 2249 4473 aux
2291 4429 2454 4487 cures
2494 4412 2704 4469 situees

459 4504 598 4556 dans
628 4502 680 4556 le
705 4501 922 4557 district
964 4502 1033 4557 de
1059 4502 1184 4556 leur
1213 4502 1626 4569 archidiacone,
1676 4504 1905 4575 excepte
1955 4505 1989 4558 a
2040 4503 2209 4577 celles
2246 4502 2574 4573 auxquelles
2620 4503 2704 4557 les

457 4590 745 4662 Chspitres
773 4596 826 4646 et
855 4590 1112 4664 Abbayes
1139 4582 1485 4647 no‘mmai‘ent
1514 4598 1679 4647 avant
1720 4598 1863 4648 cette
1894 4593 2225 4647 concession
2249 4591 2320 4645 de
2350 4591 2699 4659 Guillaume,

458 4681 671 4769 aveque
692 4678 1006 4739 d’Orleans.
1037 4683 1146 4743 Les
1172 4682 1547 4737 archidiacres
1575 4682 1856 4753 Jouissent
1887 4697 2090 4743 encore
2136 4681 2206 4741 de
2250 4697 2312 4736 ce
2351 4680 2634 4752 privilege.
2673 4703 2698 4733 ι
